<!DOCTYPE html>

<html lang="es">
<head>
<link href="/plp-front/assets/1-33-0/style.css" rel="stylesheet" type="text/css"/>
<link as="font" crossorigin="" href="/plp-front/assets/1-33-0/diaIcomoon.ttf" rel="preload" type="font/ttf"/>
<link as="font" crossorigin="" href="/plp-front/assets/1-33-0/diaIcomoon.woff" rel="preload" type="font/woff"/>
<link as="font" crossorigin="" href="/plp-front/assets/1-33-0/roboto-medium-webfont.woff2" rel="preload" type="font/woff2"/>
<link as="font" crossorigin="" href="/plp-front/assets/1-33-0/roboto-medium-webfont.woff" rel="preload" type="font/woff"/>
<link as="font" crossorigin="" href="/plp-front/assets/1-33-0/Roboto-Medium.ttf" rel="preload" type="font/ttf"/>
<link as="font" crossorigin="" href="/plp-front/assets/1-33-0/roboto-bold-webfont.woff2" rel="preload" type="font/woff2"/>
<link as="font" crossorigin="" href="/plp-front/assets/1-33-0/roboto-bold-webfont.woff" rel="preload" type="font/woff"/>
<link as="font" crossorigin="" href="/plp-front/assets/1-33-0/Roboto-Bold.ttf" rel="preload" type="font/ttf"/>
<link as="font" crossorigin="" href="/plp-front/assets/1-33-0/Roboto-Black.ttf" rel="preload" type="font/ttf"/>
<link as="font" crossorigin="" href="/plp-front/assets/1-33-0/roboto-regular-webfont.woff2" rel="preload" type="font/woff2"/>
<link as="font" crossorigin="" href="/plp-front/assets/1-33-0/roboto-regular-webfont.woff" rel="preload" type="font/woff"/>
<link as="font" crossorigin="" href="/plp-front/assets/1-33-0/Roboto-Regular.ttf" rel="preload" type="font/ttf"/>
<link as="font" crossorigin="" href="/plp-front/assets/1-33-0/montserrat-medium.ttf" rel="preload" type="font/ttf"/>
<link as="font" crossorigin="" href="/plp-front/assets/1-33-0/montserrat-semibold.ttf" rel="preload" type="font/ttf"/>
<meta charset="utf-8"/>
<!-- El aviso de consentimiento de cookies de OneTrust comienza para dev.dia.es. -->
<script charset="UTF-8" data-document-language="true" data-domain-script="5a716931-44b0-415f-9bf7-3a94d961c123" defer="" src="https://cdn.cookielaw.org/scripttemplates/otSDKStub.js" type="text/javascript"></script>
<script defer="" type="text/javascript">
        function OptanonWrapper() { }
        </script>
<script defer="" type="application/ld+json">
        {
  "@context": "http://schema.org",
  "@type": "ItemList",
  "itemListElement": [
    {
      "@type": "ListItem",
      "item": {
        "@type": "Product",
        "image": "https://www.dia.es/product_images/293538/293538_ISO_0_ES.jpg",
        "name": "Pat� de cerdo intenso Nuestra Alacena de Dia pack 3 x 75 g",
        "offers": {
          "@type": "Offer",
          "availability": "https://schema.org/InStock",
          "price": 1.75,
          "priceCurrency": "EUR"
        }
      },
      "position": 1,
      "url": "https://www.dia.es/charcuteria-y-quesos/foie-pate-y-sobrasada/p/293538"
    },
    {
      "@type": "ListItem",
      "item": {
        "@type": "Product",
        "image": "https://www.dia.es/product_images/280341/280341_ISO_0_ES.jpg",
        "name": "Mousse de foie de pato Aoste blister 100 g",
        "offers": {
          "@type": "Offer",
          "availability": "https://schema.org/InStock",
          "price": 1.99,
          "priceCurrency": "EUR"
        }
      },
      "position": 2,
      "url": "https://www.dia.es/charcuteria-y-quesos/foie-pate-y-sobrasada/p/280341"
    },
    {
      "@type": "ListItem",
      "item": {
        "@type": "Product",
        "image": "https://www.dia.es/product_images/293539/293539_ISO_0_ES.jpg",
        "name": "Pat� de at�n  Nuestra Alacena de Dia pack 2 x 75 g",
        "offers": {
          "@type": "Offer",
          "availability": "https://schema.org/InStock",
          "price": 1.6,
          "priceCurrency": "EUR"
        }
      },
      "position": 3,
      "url": "https://www.dia.es/charcuteria-y-quesos/foie-pate-y-sobrasada/p/293539"
    },
    {
      "@type": "ListItem",
      "item": {
        "@type": "Product",
        "image": "https://www.dia.es/product_images/39997/39997_ISO_0_ES.jpg",
        "name": "Pat� a la pimienta Nuestra Alacena de Dia frasco 125 g",
        "offers": {
          "@type": "Offer",
          "availability": "https://schema.org/InStock",
          "price": 1.09,
          "priceCurrency": "EUR"
        }
      },
      "position": 4,
      "url": "https://www.dia.es/charcuteria-y-quesos/foie-pate-y-sobrasada/p/39997"
    },
    {
      "@type": "ListItem",
      "item": {
        "@type": "Product",
        "image": "https://www.dia.es/product_images/39998/39998_ISO_0_ES.jpg",
        "name": "Pat� a las finas hierbas Nuestra Alacena de Dia frasco 125 g",
        "offers": {
          "@type": "Offer",
          "availability": "https://schema.org/InStock",
          "price": 1.09,
          "priceCurrency": "EUR"
        }
      },
      "position": 5,
      "url": "https://www.dia.es/charcuteria-y-quesos/foie-pate-y-sobrasada/p/39998"
    },
    {
      "@type": "ListItem",
      "item": {
        "@type": "Product",
        "image": "https://www.dia.es/product_images/293540/293540_ISO_0_ES.jpg",
        "name": "Pat� de h�gado de cerdo suave Nuestra Alacena de Dia pack 2 x 75 g",
        "offers": {
          "@type": "Offer",
          "availability": "https://schema.org/InStock",
          "price": 1.29,
          "priceCurrency": "EUR"
        }
      },
      "position": 6,
      "url": "https://www.dia.es/charcuteria-y-quesos/foie-pate-y-sobrasada/p/293540"
    },
    {
      "@type": "ListItem",
      "item": {
        "@type": "Product",
        "image": "https://www.dia.es/product_images/284/284_ISO_0_ES.jpg",
        "name": "Pat� La piara Tapa Negra lata 3 x 75 g",
        "offers": {
          "@type": "Offer",
          "availability": "https://schema.org/InStock",
          "price": 3.99,
          "priceCurrency": "EUR"
        }
      },
      "position": 7,
      "url": "https://www.dia.es/charcuteria-y-quesos/foie-pate-y-sobrasada/p/284"
    },
    {
      "@type": "ListItem",
      "item": {
        "@type": "Product",
        "image": "https://www.dia.es/product_images/295196/295196_ISO_0_ES.jpg",
        "name": "Crema de queso azul con cebolla caramelizada  Nuestra Alacena de Dia frasco 110 g",
        "offers": {
          "@type": "Offer",
          "availability": "https://schema.org/InStock",
          "price": 1.89,
          "priceCurrency": "EUR"
        }
      },
      "position": 8,
      "url": "https://www.dia.es/charcuteria-y-quesos/foie-pate-y-sobrasada/p/295196"
    },
    {
      "@type": "ListItem",
      "item": {
        "@type": "Product",
        "image": "https://www.dia.es/product_images/57937/57937_ISO_0_ES.jpg",
        "name": "Pat� de cerdo ib�rico Nuestra Alacena de Dia frasco 125 g",
        "offers": {
          "@type": "Offer",
          "availability": "https://schema.org/InStock",
          "price": 1.09,
          "priceCurrency": "EUR"
        }
      },
      "position": 9,
      "url": "https://www.dia.es/charcuteria-y-quesos/foie-pate-y-sobrasada/p/57937"
    },
    {
      "@type": "ListItem",
      "item": {
        "@type": "Product",
        "image": "https://www.dia.es/product_images/213550/213550_ISO_0_ES.jpg",
        "name": "Pat� de pato superior Martiko blister 75 g",
        "offers": {
          "@type": "Offer",
          "availability": "https://schema.org/InStock",
          "price": 1.95,
          "priceCurrency": "EUR"
        }
      },
      "position": 10,
      "url": "https://www.dia.es/charcuteria-y-quesos/foie-pate-y-sobrasada/p/213550"
    },
    {
      "@type": "ListItem",
      "item": {
        "@type": "Product",
        "image": "https://www.dia.es/product_images/61982/61982_ISO_0_ES.jpg",
        "name": "Pat� de h�gado de cerdo Mina lata 3 x 80 g",
        "offers": {
          "@type": "Offer",
          "availability": "https://schema.org/InStock",
          "price": 2.19,
          "priceCurrency": "EUR"
        }
      },
      "position": 11,
      "url": "https://www.dia.es/charcuteria-y-quesos/foie-pate-y-sobrasada/p/61982"
    },
    {
      "@type": "ListItem",
      "item": {
        "@type": "Product",
        "image": "https://www.dia.es/product_images/302297/302297_ISO_0_ES.jpg",
        "name": "Pat� de mejillones en escabeche Nuestra Alacena de Dia frasco 110 g",
        "offers": {
          "@type": "Offer",
          "availability": "https://schema.org/InStock",
          "price": 1.49,
          "priceCurrency": "EUR"
        }
      },
      "position": 12,
      "url": "https://www.dia.es/charcuteria-y-quesos/foie-pate-y-sobrasada/p/302297"
    },
    {
      "@type": "ListItem",
      "item": {
        "@type": "Product",
        "image": "https://www.dia.es/product_images/286535/286535_ISO_0_ES.jpg",
        "name": "Pat� de�salm�n Nuestra Alacena de Dia frasco 110 g",
        "offers": {
          "@type": "Offer",
          "availability": "https://schema.org/InStock",
          "price": 1.49,
          "priceCurrency": "EUR"
        }
      },
      "position": 13,
      "url": "https://www.dia.es/charcuteria-y-quesos/foie-pate-y-sobrasada/p/286535"
    },
    {
      "@type": "ListItem",
      "item": {
        "@type": "Product",
        "image": "https://www.dia.es/product_images/262/262_ISO_0_ES.jpg",
        "name": "Pat� La piara Tapa Negra lata 225 g",
        "offers": {
          "@type": "Offer",
          "availability": "https://schema.org/InStock",
          "price": 3.49,
          "priceCurrency": "EUR"
        }
      },
      "position": 14,
      "url": "https://www.dia.es/charcuteria-y-quesos/foie-pate-y-sobrasada/p/262"
    },
    {
      "@type": "ListItem",
      "item": {
        "@type": "Product",
        "image": "https://www.dia.es/product_images/57938/57938_ISO_0_ES.jpg",
        "name": "Pat� de campa�a Nuestra Alacena de Dia frasco 125 g",
        "offers": {
          "@type": "Offer",
          "availability": "https://schema.org/InStock",
          "price": 1.09,
          "priceCurrency": "EUR"
        }
      },
      "position": 15,
      "url": "https://www.dia.es/charcuteria-y-quesos/foie-pate-y-sobrasada/p/57938"
    },
    {
      "@type": "ListItem",
      "item": {
        "@type": "Product",
        "image": "https://www.dia.es/product_images/295874/295874_ISO_0_ES.jpg",
        "name": "Pat� de cerdo a la pimienta 2 unidades La cuina blister 100 g",
        "offers": {
          "@type": "Offer",
          "availability": "https://schema.org/InStock",
          "price": 1.29,
          "priceCurrency": "EUR"
        }
      },
      "position": 16,
      "url": "https://www.dia.es/charcuteria-y-quesos/foie-pate-y-sobrasada/p/295874"
    },
    {
      "@type": "ListItem",
      "item": {
        "@type": "Product",
        "image": "https://www.dia.es/product_images/295873/295873_ISO_0_ES.jpg",
        "name": "Pat� de cerdo a las finas hierbas 2 unidades La cuina blister 100 g",
        "offers": {
          "@type": "Offer",
          "availability": "https://schema.org/InStock",
          "price": 1.29,
          "priceCurrency": "EUR"
        }
      },
      "position": 17,
      "url": "https://www.dia.es/charcuteria-y-quesos/foie-pate-y-sobrasada/p/295873"
    },
    {
      "@type": "ListItem",
      "item": {
        "@type": "Product",
        "image": "https://www.dia.es/product_images/286536/286536_ISO_0_ES.jpg",
        "name": "Pat�de anchoa Nuestra Alacena de Dia frasco 110 g",
        "offers": {
          "@type": "Offer",
          "availability": "https://schema.org/InStock",
          "price": 1.49,
          "priceCurrency": "EUR"
        }
      },
      "position": 18,
      "url": "https://www.dia.es/charcuteria-y-quesos/foie-pate-y-sobrasada/p/286536"
    },
    {
      "@type": "ListItem",
      "item": {
        "@type": "Product",
        "image": "https://www.dia.es/product_images/286531/286531_ISO_0_ES.jpg",
        "name": "Pat� de�jam�n Nuestra Alacena de Dia frasco 110 g",
        "offers": {
          "@type": "Offer",
          "availability": "https://schema.org/InStock",
          "price": 1.49,
          "priceCurrency": "EUR"
        }
      },
      "position": 19,
      "url": "https://www.dia.es/charcuteria-y-quesos/foie-pate-y-sobrasada/p/286531"
    },
    {
      "@type": "ListItem",
      "item": {
        "@type": "Product",
        "image": "https://www.dia.es/product_images/304782/304782_ISO_0_ES.jpg",
        "name": "Bloc de foie de pato Capdevila lata 135 g",
        "offers": {
          "@type": "Offer",
          "availability": "https://schema.org/InStock",
          "price": 5.99,
          "priceCurrency": "EUR"
        }
      },
      "position": 20,
      "url": "https://www.dia.es/charcuteria-y-quesos/foie-pate-y-sobrasada/p/304782"
    }
  ],
  "numberOfItems": 51,
  "url": "https://www.dia.es/charcuteria-y-quesos/foie-pate-y-sobrasada/c/L2012"
}
        </script>
<meta content="index, follow" name="robots"/>
<link href="https://www.dia.es/charcuteria-y-quesos/foie-pate-y-sobrasada/c/L2012" rel="canonical"/>
<link href="https://www.dia.es/charcuteria-y-quesos/foie-pate-y-sobrasada/c/L2012" hreflang="es-es" rel="alternate"/>
<link href="/plp-front/assets/1-33-0/style.css" rel="stylesheet" type="text/css"/>
<link as="icon" href="/plp-front/assets/images/logo-dia.svg" rel="icon">
<meta content="width=device-width, initial-scale=1.0" name="viewport"/>
<meta content="" name="keywords"/>
<meta content="Compra online en la secci�n de Foie, pat� y sobrasada y disfruta de todas nuestras ofertas en dia.es" name="description">
<title>Comprar Foie, pat� y sobrasada - Supermercados DIA</title>
<script>(window.BOOMR_mq=window.BOOMR_mq||[]).push(["addVar",{"rua.upush":"false","rua.cpush":"false","rua.upre":"false","rua.cpre":"false","rua.uprl":"false","rua.cprl":"false","rua.cprf":"false","rua.trans":"","rua.cook":"false","rua.ims":"false","rua.ufprl":"false","rua.cfprl":"false","rua.isuxp":"false","rua.texp":"norulematch","rua.ceh":"false","rua.ueh":"false","rua.ieh.st":"0"}]);</script>
<script>!function(e){var n="https://s.go-mpulse.net/boomerang/";if("False"=="True")e.BOOMR_config=e.BOOMR_config||{},e.BOOMR_config.PageParams=e.BOOMR_config.PageParams||{},e.BOOMR_config.PageParams.pci=!0,n="https://s2.go-mpulse.net/boomerang/";if(window.BOOMR_API_key="KBNBM-CLU64-6QM35-AYNSF-TJWYH",function(){function e(){if(!o){var e=document.createElement("script");e.id="boomr-scr-as",e.src=window.BOOMR.url,e.async=!0,i.parentNode.appendChild(e),o=!0}}function t(e){o=!0;var n,t,a,r,d=document,O=window;if(window.BOOMR.snippetMethod=e?"if":"i",t=function(e,n){var t=d.createElement("script");t.id=n||"boomr-if-as",t.src=window.BOOMR.url,BOOMR_lstart=(new Date).getTime(),e=e||d.body,e.appendChild(t)},!window.addEventListener&&window.attachEvent&&navigator.userAgent.match(/MSIE [67]\./))return window.BOOMR.snippetMethod="s",void t(i.parentNode,"boomr-async");a=document.createElement("IFRAME"),a.src="about:blank",a.title="",a.role="presentation",a.loading="eager",r=(a.frameElement||a).style,r.width=0,r.height=0,r.border=0,r.display="none",i.parentNode.appendChild(a);try{O=a.contentWindow,d=O.document.open()}catch(_){n=document.domain,a.src="javascript:var d=document.open();d.domain='"+n+"';void(0);",O=a.contentWindow,d=O.document.open()}if(n)d._boomrl=function(){this.domain=n,t()},d.write("<bo"+"dy onload='document._boomrl();'>");else if(O._boomrl=function(){t()},O.addEventListener)O.addEventListener("load",O._boomrl,!1);else if(O.attachEvent)O.attachEvent("onload",O._boomrl);d.close()}function a(e){window.BOOMR_onload=e&&e.timeStamp||(new Date).getTime()}if(!window.BOOMR||!window.BOOMR.version&&!window.BOOMR.snippetExecuted){window.BOOMR=window.BOOMR||{},window.BOOMR.snippetStart=(new Date).getTime(),window.BOOMR.snippetExecuted=!0,window.BOOMR.snippetVersion=12,window.BOOMR.url=n+"KBNBM-CLU64-6QM35-AYNSF-TJWYH";var i=document.currentScript||document.getElementsByTagName("script")[0],o=!1,r=document.createElement("link");if(r.relList&&"function"==typeof r.relList.supports&&r.relList.supports("preload")&&"as"in r)window.BOOMR.snippetMethod="p",r.href=window.BOOMR.url,r.rel="preload",r.as="script",r.addEventListener("load",e),r.addEventListener("error",function(){t(!0)}),setTimeout(function(){if(!o)t(!0)},3e3),BOOMR_lstart=(new Date).getTime(),i.parentNode.appendChild(r);else t(!1);if(window.addEventListener)window.addEventListener("load",a,!1);else if(window.attachEvent)window.attachEvent("onload",a)}}(),"".length>0)if(e&&"performance"in e&&e.performance&&"function"==typeof e.performance.setResourceTimingBufferSize)e.performance.setResourceTimingBufferSize();!function(){if(BOOMR=e.BOOMR||{},BOOMR.plugins=BOOMR.plugins||{},!BOOMR.plugins.AK){var n=""=="true"?1:0,t="",a="figfvbgdanxaakqce3yfyaaaabtr4lkk-f-e6af53608-clienttons-s.akamaihd.net",i="false"=="true"?2:1,o={"ak.v":"39","ak.cp":"1336848","ak.ai":parseInt("804692",10),"ak.ol":"0","ak.cr":7,"ak.ipv":6,"ak.proto":"http/1.1","ak.rid":"1713cfc6","ak.r":47441,"ak.a2":n,"ak.m":"dscr","ak.n":"ff","ak.bpcip":"2a0c:5a84:c303:6e00::","ak.cport":61627,"ak.gh":"104.90.205.204","ak.quicv":"","ak.tlsv":"tls1.3","ak.0rtt":"","ak.0rtt.ed":"","ak.csrc":"-","ak.acc":"reno","ak.t":"1730030922","ak.ak":"hOBiQwZUYzCg5VSAfCLimQ==1eXxNwT3s8JeXRwiBkrJZ9wb0+/rP/0Qnf3b0jP7rlRIYzCfp+pgdD1dLkZIGs7J4Q4Un0xH9H1+Uaqmve3+OsJJdLe4wC8g3cyDonvn/q0mM6rVKwsZee4hQntCdfh0QjEjVG/Dc+aMxEIuWjsXsRjVUYtAVDskwcykfx6oCGiNyvSL8GGFK6C4KALyKsLx0xZQYoW8lLYQGlW61m4cXO+GxI/n0HttiB3CgEk9DVoQ8P4W9Jyo8x/TTOB0fqhRjly63WE0wAQa58f+Dw8OTcaYABkI/ycycg1mkz1zg6r7lnTIcq8lDR+/95qf26FUFE6HRjUsYu+hgkAwa5vO8QEOnKPKL6zl3PqaQtTtRrDjHtBri6pQRIZz3/y5T1qvjmKzG7g7o9e3jxlctj8XquX+VibXQeK/ukXb811F7hE=","ak.pv":"71","ak.dpoabenc":"","ak.tf":i};if(""!==t)o["ak.ruds"]=t;var r={i:!1,av:function(n){var t="http.initiator";if(n&&(!n[t]||"spa_hard"===n[t]))o["ak.feo"]=void 0!==e.aFeoApplied?1:0,BOOMR.addVar(o)},rv:function(){var e=["ak.bpcip","ak.cport","ak.cr","ak.csrc","ak.gh","ak.ipv","ak.m","ak.n","ak.ol","ak.proto","ak.quicv","ak.tlsv","ak.0rtt","ak.0rtt.ed","ak.r","ak.acc","ak.t","ak.tf"];BOOMR.removeVar(e)}};BOOMR.plugins.AK={akVars:o,akDNSPreFetchDomain:a,init:function(){if(!r.i){var e=BOOMR.subscribe;e("before_beacon",r.av,null,null),e("onbeacon",r.rv,null,null),r.i=!0}return this},is_complete:function(){return!0}}}}()}(window);</script></meta></link></head>
<body>
<div id="app"><div class="content" data-test-id="page-shell-with-layout"><div class="categories-layout" data-test-id="categories-layout"><div class="categories-layout__header-container" data-test-id="header-component"><!--[--><div class="dia-header" data-test-id="dia-header-component" data-v-08c60012=""><div class="dia-header__section dia-header__section--start" data-v-08c60012=""><a class="header-logo dia-header__logo" data-test-id="header-logo" data-v-08c60012="" data-v-a0b5f86b="" href="/" rel="external"><img alt="LogoDia" class="header-logo__image" data-v-a0b5f86b="" height="31" src="/plp-front/assets/1-33-0/logo-dia.svg" width="56"/></a><div class="dia-header__left-icons" data-v-08c60012=""><!--[--><div class="category-button__mobile-container"><button aria-label="categories list men� button" class="category-button__mobile dia-icon-dehaze" data-test-id="mobile-category-button"></button></div><button aria-label="dissabled categories list men� button" class="category-button__disabled category-button dia-icon-dehaze" data-test-id="desktop-category-button" type="button"><p class="category-button__text--categories">Productos</p></button><!-- --><!--]--><!-- --></div><a class="cart-button dia-header__cart-icon" data-test-id="cart-btn" data-v-08c60012="" data-v-ca643d7c="" href="/cart" rel="external"><div class="cart-button__content" data-v-ca643d7c=""><span class="dia-icon-Vector-1" data-test-id="cart-btn-icon" data-v-ca643d7c=""></span><p class="cart-button__text" data-test-id="cart-btn-text" data-v-ca643d7c="">0,00��</p></div></a></div><div class="dia-header__section dia-header__section--middle" data-v-08c60012="" style="max-height: 64px"><div class="dia-search" data-test-id="search-item" data-v-08c60012="" data-v-6e8fbed4="" reduced-back-call="true" type="submit"><button aria-label="search-bar search button" class="dia-search__button" data-v-6e8fbed4="" type="submit"><span class="dia-search__icon dia-icon-lupa" data-v-6e8fbed4=""></span></button><div class="dia-search__input-icon dia-search__input-icon" data-v-6e8fbed4=""><input aria-label="search bar input" autocomplete="off" class="dia-search__bar" data-test-id="search-input-item" data-v-6e8fbed4="" type="text" value=""/><!-- --></div></div></div><div class="dia-header__section dia-header__section--end" data-test-id="dia-header-section-end" data-v-08c60012=""><!--[--><div class="postal-code-button" data-test-id="postal-code-btn" icontext="Elige tu c�digo postal"><span class="dia-icon-truck"></span><p class="postal-code-button__text" data-test-id="postal-code-btn-text">Elige tu c�digo postal</p></div><a class="orders-list-button" data-test-id="orders-list-btn" data-v-e0cba773="" href="/my-account/orders-and-lists" rel="external"><span class="dia-icon-list" data-v-e0cba773=""></span><p class="orders-list-button__text" data-test-id="orders-list-btn-text" data-v-e0cba773="">Pedidos y listas</p></a><!-- --><a class="login-button" data-test-id="login-btn" data-v-6ac43115="" href="/login?redirect=/my-account&amp;analytics_site_location=header" rel="external"><div class="login-button__icon" data-v-6ac43115=""><span class="dia-icon-Union" data-v-6ac43115=""></span><em class="dia-icon-in" data-test-id="login-btn-icon" data-v-6ac43115=""></em></div><p class="login-button__text" data-test-id="login-btn-text" data-v-6ac43115="">Inicia sesi�n</p></a><a class="cart-button" data-test-id="cart-btn" data-v-ca643d7c="" href="/cart" rel="external"><div class="cart-button__content" data-v-ca643d7c=""><span class="dia-icon-Vector-1" data-test-id="cart-btn-icon" data-v-ca643d7c=""></span><p class="cart-button__text" data-test-id="cart-btn-text" data-v-ca643d7c="">0,00��</p></div></a><!--]--></div><!-- --></div><!-- --><div class="postal-code-main-modal" data-v-08c60012=""><!-- --></div><!-- --><!--]--></div><div class="categories-layout__content" data-test-id="layout-content"><div class="categories-layout__left-content" data-test-id="categories-list-page-component"><ul class="categories-list" data-test-id="categories-list"><!--[--><li data-test-id="categories-list-element"><!--[--><a class="category-item-link" data-test-id="category-item-link" href=""><div class="category-item" data-test-id="category-item"><div class="category-item__category-content"><div class="category-item__icon-container"><img alt="category-Navidad" class="category-item__icon" data-test-id="category-item-icon" height="32" src="/category_images/L124/L124_icon.png" width="32"/></div><span class="category-item__title" data-test-id="category-item-title">Navidad</span></div><span class="dia-icon-plus category-item__symbol-icon" data-test-id="category-item-symbol-icon"></span></div></a><div class="category-item__border-line"></div><!-- --><!--]--></li><li data-test-id="categories-list-element"><!--[--><a class="category-item-link" data-test-id="category-item-link" href=""><div class="category-item" data-test-id="category-item"><div class="category-item__category-content"><div class="category-item__icon-container"><img alt="category-Charcuter�a y quesos" class="category-item__icon" data-test-id="category-item-icon" height="32" src="/category_images/L101/L101_icon.png" width="32"/></div><span class="category-item__title" data-test-id="category-item-title">Charcuter�a y quesos</span></div<span class="dia-icon-plus category-item__symbol-icon" data-test-id="category-item-symbol-icon"></span></div></a><div class="category-item__border-line"></div><!-- --><!--]--></li><li data-test-id="categories-list-element"><!--[--><a class="category-item-link" data-test-id="category-item-link" href=""><div class="category-item" data-test-id="category-item"><div class="category-item__category-content"><div class="category-item__icon-container"><img alt="category-Carnicer�a" class="category-item__icon" data-test-id="category-item-icon" height="32" src="/category_images/L102/L102_icon.png" width="32"/></div><span class="category-item__title" data-test-id="category-item-title">Carnicer�a</span></div><span class="dia-icon-plus category-item__symbol-icon" data-test-id="category-item-symbol-icon"></span></div></a><div class="category-item__border-line"></div><!-- --><!--]--></li><li data-test-id="categories-list-element"><!--[--><a class="category-item-link" data-test-id="category-item-link" href=""><div class="category-item" data-test-id="category-item"><div class="category-item__category-content"><div class="category-item__icon-container"><img alt="category-Pescados, mariscos y ahumados" class="category-item__icon" data-test-id="category-item-icon" height="32" src="/category_images/L103/L103_icon.png" width="32"/></div><span class="category-item__title" data-test-id="category-item-title">Pescados, mariscos y ahumados</span></div><span class="dia-icon-plus category-item__symbol-icon" data-test-id="category-item-symbol-icon"></span></div></a><div class="category-item__border-line"></div><!-- --><!--]--></li><li data-test-id="categories-list-element"><!--[--><a class="category-item-link" data-test-id="category-item-link" href=""><div class="category-item" data-test-id="category-item"><div class="category-item__category-content"><div class="category-item__icon-container"><img alt="category-Verduras" class="category-item__icon" data-test-id="category-item-icon" height="32" src="/category_images/L104/L104_icon.png" width="32"/></div><span class="category-item__title" data-test-id="category-item-title">Verduras</span></div><span class="dia-icon-plus category-item__symbol-icon" data-test-id="category-item-symbol-icon"></span></div></a><div class="category-item__border-line"></div><!-- --><!--]--></li><li data-test-id="categories-list-element"><!--[--><a class="category-item-link" data-test-id="category-item-link" href=""><div class="category-item" data-test-id="category-item"><div class="category-item__category-content"><div class="category-item__icon-container"><img alt="category-Frutas" class="category-item__icon" data-test-id="category-item-icon" height="32" src="/category_images/L105/L105_icon.png" width="32"/></div><span class="category-item__title" data-test-id="category-item-title">Frutas</span></div><span class="dia-icon-plus category-item__symbol-icon" data-test-id="category-item-symbol-icon"></span></div></a><div class="category-item__border-line"></div><!-- --><!--]--></li><li data-test-id="categories-list-element"><!--[--><a class="category-item-link" data-test-id="category-item-link" href=""><div class="category-item" data-test-id="category-item"><div class="category-item__category-content"><div class="category-item__icon-container"><img alt="category-Leche, huevos y mantequilla" class="category-item__icon" data-test-id="category-item-icon" height="32" src="/category_images/L108/L108_icon.png" width="32"/></div><span class="category-item__title" data-test-id="category-item-title">Leche, huevos y mantequilla</span></div><span class="dia-icon-plus category-item__symbol-icon" data-test-id="category-item-symbol-icon"></span></div></a><div class="category-item__border-line"></div><!-- --><!--]--></li><li data-test-id="categories-list-element"><!--[--><a class="category-item-link" data-test-id="category-item-link" href=""><div class="category-item" data-test-id="category-item"><div class="category-item__category-content"><div class="category-item__icon-container"><img alt="category-Yogures y postres" class="category-item__icon" data-test-id="category-item-icon" height="32" src="/category_images/L113/L113_icon.png" width="32"/></div><span class="category-item__title" data-test-id="category-item-title">Yogures y postres</span></div><span class="dia-icon-plus category-item__symbol-icon" data-test-id="category-item-symbol-icon"></span></div></a><div class="category-item__border-line"></div><!-- --><!--]--></li><li data-test-id="categories-list-element"><!--[--><a class="category-item-link" data-test-id="category-item-link" href=""><div class="category-item" data-test-id="category-item"><div class="category-item__category-content"><div class="category-item__icon-container"><img alt="category-Arroz, pastas y legumbres" class="category-item__icon" data-test-id="category-item-icon" height="32" src="/category_images/L106/L106_icon.png" width="32"/></div><span class="category-item__title" data-test-id="category-item-title">Arroz, pastas y legumbres</span></div><span class="dia-icon-plus category-item__symbol-icon" data-test-id="category-item-symbol-icon"></span></div></a><div class="category-item__border-line"></div><!-- --><!--]--></li><li data-test-id="categories-list-element"><!--[--><a class="category-item-link" data-test-id="category-item-link" href=""><div class="category-item" data-test-id="category-item"><div class="category-item__category-content"><div class="category-item__icon-container"><img alt="category-Aceites, salsas y especias" class="category-item__icon" data-test-id="category-item-icon" height="32" src="/category_images/L107/L107_icon.png" width="32"/></div><span class="category-item__title" data-test-id="category-item-title">Aceites, salsas y especias</span></div><span class="dia-icon-plus category-item__symbol-icon" data-test-id="category-item-symbol-icon"></span></div></a><div class="category-item__border-line"></div><!-- --><!--]--></li><li data-test-id="categories-list-element"><!--[--><a class="category-item-link" data-test-id="category-item-link" href=""><div class="category-item" data-test-id="category-item"><div class="category-item__category-content"><div class="category-item__icon-container"><img alt="category-Conservas, caldos y cremas" class="category-item__icon" data-test-id="category-item-icon" height="32" src="/category_images/L114/L114_icon.png" width="32"/></div><span class="category-item__title" data-test-id="category-item-title">Conservas, caldos y cremas</span></div><span class="dia-icon-plus category-item__symbol-icon" data-test-id="category-item-symbol-icon"></span></div></a><div class="category-item__border-line"></div><!-- --><!--]--></li><li data-test-id="categories-list-element"><!--[--><a class="category-item-link" data-test-id="category-item-link" href=""><div class="category-item" data-test-id="category-item"><div class="category-item__category-content"><div class="category-item__icon-container"><img alt="category-Panes, harinas y masas" class="category-item__icon" data-test-id="category-item-icon" height="32" src="/category_images/L112/L112_icon.png" width="32"/></div><span class="category-item__title" data-test-id="category-item-title">Panes, harinas y masas</span></div><span class="dia-icon-plus category-item__symbol-icon" data-test-id="category-item-symbol-icon"></span></div></a><div class="category-item__border-line"></div><!-- --><!--]--></li><li data-test-id="categories-list-element"><!--[--><a class="category-item-link" data-test-id="category-item-link" href=""><div class="category-item" data-test-id="category-item"><div class="category-item__category-content"><div class="category-item__icon-container"><img alt="category-Caf�, cacao e infusiones" class="category-item__icon" data-test-id="category-item-icon" height="32" src="/category_images/L109/L109_icon.png" width="32"/></div><span class="category-item__title" data-test-id="category-item-title">Caf�, cacao e infusiones</span></div><span class="dia-icon-plus category-item__symbol-icon" data-test-id="category-item-symbol-icon"></span></div></a><div class="category-item__border-line"></div><!-- --><!--]--></li><li data-test-id="categories-list-element"><!--[--><a class="category-item-link" data-test-id="category-item-link" href=""><div class="category-item" data-test-id="category-item"><div class="category-item__category-content"><div class="category-item__icon-container"><img alt="category-Az�car, chocolates y caramelos" class="category-item__icon" data-test-id="category-item-icon" height="32" src="/category_images/L110/L110_icon.png" width="32"/></div><span class="category-item__title" data-test-id="category-item-title">Az�car, chocolates y caramelos</span></div><span class="dia-icon-plus category-item__symbol-icon" data-test-id="category-item-symbol-icon"></span></div></a><div class="category-item__border-line"></div><!-- --><!--]--></li><li data-test-id="categories-list-element"><!--[--><a class="category-item-link" data-test-id="category-item-link" href=""><div class="category-item" data-test-id="category-item"><div class="category-item__category-content"><div class="category-item__icon-container"><img alt="category-Galletas, bollos y cereales" class="category-item__icon" data-test-id="category-item-icon" height="32" src="/category_images/L111/L111_icon.png" width="32"/></div><span class="category-item__title" data-test-id="category-item-title">Galletas, bollos y cereales</span></div><span class="dia-icon-plus category-item__symbol-icon" data-test-id="category-item-symbol-icon"></span></div></a><div class="category-item__border-line"></div><!-- --><!--]--></li><li data-test-id="categories-list-element"><!--[--><a class="category-item-link" data-test-id="category-item-link" href=""><div class="category-item" data-test-id="category-item"><div class="category-item__category-content"><div class="category-item__icon-container"><img alt="category-Patatas fritas, encurtidos y frutos secos" class="category-item__icon" data-test-id="category-item-icon" height="32" src="/category_images/L115/L115_icon.png" width="32"/></div><span class="category-item__title" data-test-id="category-item-title">Patatas fritas, encurtidos y frutos secos</span></div><span class="dia-icon-plus category-item__symbol-icon" data-test-id="category-item-symbol-icon"></span></div></a><div class="category-item__border-line"></div><!-- --><!--]--></li><li data-test-id="categories-list-element"><!--[--><a class="category-item-link" data-test-id="category-item-link" href=""><div class="category-item" data-test-id="category-item"><div class="category-item__category-content"><div class="category-item__icon-container"><img alt="category-Pizzas y platos preparados" class="category-item__icon" data-test-id="category-item-icon" height="32" src="/category_images/L116/L116_icon.png" width="32"/></div><span class="category-item__title" data-test-id="category-item-title">Pizzas y platos preparados</span></div><span class="dia-icon-plus category-item__symbol-icon" data-test-id="category-item-symbol-icon"></span></div></a><div class="category-item__border-line"></div><!-- --><!--]--></li><li data-test-id="categories-list-element"><!--[--><a class="category-item-link" data-test-id="category-item-link" href=""><div class="category-item" data-test-id="category-item"><div class="category-item__category-content"><div class="category-item__icon-container"><img alt="category-Congelados" class="category-item__icon" data-test-id="category-item-icon" height="32" src="/category_images/L119/L119_icon.png" width="32"/></div><span class="category-item__title" data-test-id="category-item-title">Congelados</span></div><span class="dia-icon-plus category-item__symbol-icon" data-test-id="category-item-symbol-icon"></span></div></a><div class="category-item__border-line"></div><!-- --><!--]--></li><li data-test-id="categories-list-element"><!--[--><a class="category-item-link" data-test-id="category-item-link" href=""><div class="category-item" data-test-id="category-item"><div class="category-item__category-content"><div class="category-item__icon-container"><img alt="category-Agua, refrescos y zumos" class="category-item__icon" data-test-id="category-item-icon" height="32" src="/category_images/L117/L117_icon.png" width="32"/></div><span class="category-item__title" data-test-id="category-item-title">Agua, refrescos y zumos</span></div><span class="dia-icon-plus category-item__symbol-icon" data-test-id="category-item-symbol-icon"></span></div></a><div class="category-item__border-line"></div><!-- --><!--]--></li><li data-test-id="categories-list-element"><!--[--><a class="category-item-link" data-test-id="category-item-link" href=""><div class="category-item" data-test-id="category-item"><div class="category-item__category-content"><div class="category-item__icon-container"><img alt="category-Cervezas, vinos y bebidas con alcohol" class="category-item__icon" data-test-id="category-item-icon" height="32" src="/category_images/L118/L118_icon.png" width="32"/></div><span class="category-item__title" data-test-id="category-item-title">Cervezas, vinos y bebidas con alcohol</span></div><span class="dia-icon-plus category-item__symbol-icon" data-test-id="category-item-symbol-icon"></span></div></a><div class="category-item__border-line"></div><!-- --><!--]--></li><li data-test-id="categories-list-element"><!--[--><a class="category-item-link" data-test-id="category-item-link" href=""><div class="category-item" data-test-id="category-item"><div class="category-item__category-content"><div class="category-item__icon-container"><img alt="category-Limpieza y hogar" class="category-item__icon" data-test-id="category-item-icon" height="32" src="/category_images/L122/L122_icon.png" width="32"/></div><span class="category-item__title" data-test-id="category-item-title">Limpieza y hogar</span></div><span class="dia-icon-plus category-item__symbol-icon" data-test-id="category-item-symbol-icon"></span></div></a><div class="category-item__border-line"></div><!-- --><!--]--></li><li data-test-id="categories-list-element"><!--[--><a class="category-item-link" data-test-id="category-item-link" href=""><div class="category-item" data-test-id="category-item"><div class="category-item__category-content"><div class="category-item__icon-container"><img alt="category-Perfumer�a, higiene, salud" class="category-item__icon" data-test-id="category-item-icon" height="32" src="/category_images/L121/L121_icon.png" width="32"/></div><span class="category-item__title" data-test-id="category-item-title">Perfumer�a, higiene, salud</span></div><span class="dia-icon-plus category-item__symbol-icon" data-test-id="category-item-symbol-icon"></span></div></a><div class="category-item__border-line"></div><!-- --><!--]--></li><li data-test-id="categories-list-element"><!--[--><a class="category-item-link" data-test-id="category-item-link" href=""><div class="category-item" data-test-id="category-item"><div class="category-item__category-content"><div class="category-item__icon-container"><img alt="category-Beb�" class="category-item__icon" data-test-id="category-item-icon" height="32" src="/category_images/L120/L120_icon.png" width="32"/></div><span class="category-item__title" data-test-id="category-item-title">Beb�</span></div><span class="dia-icon-plus category-item__symbol-icon" data-test-id="category-item-symbol-icon"></span></div></a><div class="category-item__border-line"></div><!-- --><!--]--></li><li data-test-id="categories-list-element"><!--[--><a class="category-item-link" data-test-id="category-item-link" href=""><div class="category-item" data-test-id="category-item"><div class="category-item__category-content"><div class="category-item__icon-container"><img alt="category-Mascotas" class="category-item__icon" data-test-id="category-item-icon" height="32" src="/category_images/L123/L123_icon.png" width="32"/></div><span class="category-item__title" data-test-id="category-item-title">Mascotas</span></div><span class="dia-icon-plus category-item__symbol-icon" data-test-id="category-item-symbol-icon"></span></div></a><div class="category-item__border-line"></div><!-- --><!--]--></li><!--]--></ul><!-- --></div><div class="categories-layout__right-content" data-test-id="right-content-section"><!--[--><!--[--><div class="plp-view" data-test-id="plp-view" data-v-45832004=""><div class="plp-breadcrumb" data-test-id="plp-breadcrumb" data-v-45832004=""><div class="plp-breadcrumb__dia-home"><a aria-label="Volver" class="plp-breadcrumb__dia-home-anchor" href="/" rel="external"><span class="plp-breadcrumb__dia-home-arrow dia-icon-keyboard_arrow_left"></span><span class="plp-breadcrumb__dia-home-title">Dia</span><span class="plp-breadcrumb__separator-arrow">&gt;</span></a></div><a class="plp-breadcrumb__dia-home-anchor" data-test-id="first-level-category-link" href="/charcuteria-y-quesos/c/L101" rel="external"><span class="plp-breadcrumb__first-level-category--link">Charcuter�a y quesos</span></a><span class="plp-breadcrumb__separator-arrow">&gt;</span><span class="plp-breadcrumb__second-level-category">Foie, pat� y sobrasada</span><span class="plp-breadcrumb__total-items"> (51) </span></div><div class="plp-view__right-top-section" data-test-id="right-top-section" data-v-45832004=""><h1 class="plp-view__category-title" data-v-45832004="">Foie, pat� y sobrasada</h1><div class="plp-view__filter" data-v-45832004=""><div class="sort-by__desktop" data-test-id="sort-by-desktop"><p class="sort-by__desktop-title" data-test-id="sort-by-desktop-title">Ordenar: </p><!--[--><div class="sort-by__desktop-options" data-test-id="sort-by-desktop-options"><a class="sort-by__desktop-options--active" data-test-id="sort-by-desktop-current" href="/charcuteria-y-quesos/foie-pate-y-sobrasada/c/L2012?sort=rating,desc">Destacados</a><hr class="sort-by__desktop-options--breaker"/></div><div class="sort-by__desktop-options" data-test-id="sort-by-desktop-options"><a class="sort-by__desktop-options--current" data-test-id="sort-by-desktop-current" href="/charcuteria-y-quesos/foie-pate-y-sobrasada/c/L2012?sort=price,asc">Precio</a><hr class="sort-by__desktop-options--breaker"/></div><div class="sort-by__desktop-options" data-test-id="sort-by-desktop-options"><a class="sort-by__desktop-options--current" data-test-id="sort-by-desktop-current" href="/charcuteria-y-quesos/foie-pate-y-sobrasada/c/L2012?sort=price_unit,asc">Precio/Kg</a><hr class="sort-by__desktop-options--breaker"/></div><!--]--></div></div><div category-url="/charcuteria-y-quesos/foie-pate-y-sobrasada/c/L2012" class="brand-dia" data-test-id="brand-dia" data-v-45832004=""><div class="brand-dia__text-container"><p class="brand-dia__text">Nueva calidad Dia</p></div><div class="brand-dia__switch-container"><a aria-label="Marca D�a" class="brand-dia__link" data-test-id="dia-brand-link" href="/charcuteria-y-quesos/foie-pate-y-sobrasada/dia/c/13svF15vz"><label class="brand-dia__switch" for="dia_brand:true:es"><input aria-label="Dia filter" id="dia_brand:true:es" type="checkbox" value="dia_brand:true:es"/><span class="brand-dia__slider brand-dia__round"></span></label></a></div></div><button class="filters-button" data-test-id="filters-button" data-v-45832004=""><span class="dia-icon-tune filters-button__icon"></span> Filtros <!-- --></button></div><!--[--><!-- --><!-- --><!--]--><div data-v-45832004=""><div data-v-45832004=""><div class="product-container" data-v-45832004=""><ul class="product-card-list" data-test-id="product-card-list"><!--[--><li class="product-card-list__item-container" data-test-id="product-card-list-item" style=""><div brand="Nuestra Alacena de Dia" class="search-product-card search-product-card__dia-border product-card-list__item" content-id="" data-test-id="product-card" expiration_days="0" height="0" is-desktop="true" is-s-mobile-size="false" is-tablet="false" is-tablet-portrait="false" object_id="293538" scroll-down="false" scroll-up="false" weight="0"><div class="search-product-card__top-section" data-test-id="search-product-card-top-section"><div class="search-product-card__aux-head"></div><div class="search-product-card__top-section-content"><!--[--><div class="add-to-list-button" data-test-id="add-to-list-button"><span class="add-to-list-button__simple-button" data-test-id="add-to-list-button-simple-button"><span class="add-to-list-button__simple-button--initial dia-icon-list"></span></span></div><div class="add-product-to-lists-all-modals" data-test-id="add-product-to-lists-all-modals"><!-- --><!-- --><!-- --></div><!--]--><a class="search-product-card__product-image-link" data-test-id="search-product-card-image-url" href="/charcuteria-y-quesos/foie-pate-y-sobrasada/p/293538" rel="external"><img alt="Pat� de cerdo intenso Nuestra Alacena de Dia pack 3 x 75 g" class="search-product-card__product-image" data-test-id="search-product-card-image" height="176" src="/product_images/293538/293538_ISO_0_ES.jpg?imwidth=176" width="176"/></a><a class="search-product-card__product-link" data-test-id="search-product-card-name" href="/charcuteria-y-quesos/foie-pate-y-sobrasada/p/293538" rel="external"><p class="search-product-card__product-name">Pat� de cerdo intenso Nuestra Alacena de Dia pack 3 x 75 g</p></a><!-- --></div></div><div class="search-product-card__bottom-section" data-test-id="search-product-card-bottom-section"><!--[--><div class="product-special-offer" data-test-id="product-special-offer"><!-- --><!-- --><!-- --><!-- --><!-- --></div><!-- --><!--]--><!-- --><div class="search-product-card__prices" data-test-id="search-product-card-prices"><p class="search-product-card__active-price" data-test-id="search-product-card-unit-price">1,75��</p><p class="search-product-card__price-per-unit" data-test-id="search-product-card-kilo-price"> (7,78��/KILO) </p></div><div class="add-2-cart search-product-card__bottom-buttons" in-carousel="false"><button aria-label="add to cart button" class="add-2-cart__basic-button add-2-cart__basic-button--enabled" data-test-id="add2cart-basic-button">A�adir</button><!-- --></div></div></div></li><li class="product-card-list__item-container" data-test-id="product-card-list-item" style=""><div brand="Aoste" class="search-product-card search-product-card__club-dia-border product-card-list__item" content-id="" data-test-id="product-card" expiration_days="0" height="0" is-desktop="true" is-s-mobile-size="false" is-tablet="false" is-tablet-portrait="false" object_id="280341" scroll-down="false" scroll-up="false" weight="0"><div class="search-product-card__top-section" data-test-id="search-product-card-top-section"><div><p class="search-product-card__dia-club" data-test-id="search-product-card-dia-club">Oferta exclusiva CLUB Dia</p></div><div class="search-product-card__top-section-content"><!--[--><div class="add-to-list-button" data-test-id="add-to-list-button"><span class="add-to-list-button__simple-button" data-test-id="add-to-list-button-simple-button"><span class="add-to-list-button__simple-button--initial dia-icon-list"></span></span></div><div class="add-product-to-lists-all-modals" data-test-id="add-product-to-lists-all-modals"><!-- --><!-- --><!-- --></div><!--]--><a class="search-product-card__product-image-link" data-test-id="search-product-card-image-url" href="/charcuteria-y-quesos/foie-pate-y-sobrasada/p/280341" rel="external"><img alt="Mousse de foie de pato Aoste blister 100 g" class="search-product-card__product-image" data-test-id="search-product-card-image" height="176" src="/product_images/280341/280341_ISO_0_ES.jpg?imwidth=176" width="176"/></a><a class="search-product-card__product-link" data-test-id="search-product-card-name" href="/charcuteria-y-quesos/foie-pate-y-sobrasada/p/280341" rel="external"><p class="search-product-card__product-name">Mousse de foie de pato Aoste blister 100 g</p></a><p class="search-product-card__product-info" data-test-id="search-product-card-info">Sin gluten</p></div></div><div class="search-product-card__bottom-section" data-test-id="search-product-card-bottom-section"><!--[--><div class="product-special-offer" data-test-id="product-special-offer"><!-- --><div class="product-special-offer__promotion" data-test-id="product-special-offer-promotion"><p class="product-special-offer__promotion-title" data-test-id="product-special-offer-promotion-title">3 eur dto comprando 15 eur selecci�n campofri</p></div><!-- --><!-- --><!-- --></div><!-- --><!--]--><!-- --><div class="search-product-card__prices" data-test-id="search-product-card-prices"><p class="search-product-card__active-price" data-test-id="search-product-card-unit-price">1,99��</p><p class="search-product-card__price-per-unit" data-test-id="search-product-card-kilo-price"> (19,90��/KILO) </p></div><div class="add-2-cart search-product-card__bottom-buttons" in-carousel="false"><button aria-label="add to cart button" class="add-2-cart__basic-button add-2-cart__basic-button--enabled" data-test-id="add2cart-basic-button">A�adir</button><!-- --></div></div></div></li><li class="product-card-list__item-container" data-test-id="product-card-list-item" style=""><div brand="Nuestra Alacena de Dia" class="search-product-card search-product-card__dia-border product-card-list__item" content-id="" data-test-id="product-card" expiration_days="0" height="0" is-desktop="true" is-s-mobile-size="false" is-tablet="false" is-tablet-portrait="false" object_id="293539" scroll-down="false" scroll-up="false" weight="0"><div class="search-product-card__top-section" data-test-id="search-product-card-top-section"><div class="search-product-card__aux-head"></div><div class="search-product-card__top-section-content"><!--[--><div class="add-to-list-button" data-test-id="add-to-list-button"><span class="add-to-list-button__simple-button" data-test-id="add-to-list-button-simple-button"><span class="add-to-list-button__simple-button--initial dia-icon-list"></span></span></div><div class="add-product-to-lists-all-modals" data-test-id="add-product-to-lists-all-modals"><!-- --><!-- --><!-- --></div><!--]--><a class="search-product-card__product-image-link" data-test-id="search-product-card-image-url" href="/charcuteria-y-quesos/foie-pate-y-sobrasada/p/293539" rel="external"><img alt="Pat� de at�n  Nuestra Alacena de Dia pack 2 x 75 g" class="search-product-card__product-image" data-test-id="search-product-card-image" height="176" src="/product_images/293539/293539_ISO_0_ES.jpg?imwidth=176" width="176"/></a><a class="search-product-card__product-link" data-test-id="search-product-card-name" href="/charcuteria-y-quesos/foie-pate-y-sobrasada/p/293539" rel="external"><p class="search-product-card__product-name">Pat� de at�n  Nuestra Alacena de Dia pack 2 x 75 g</p></a><p class="search-product-card__product-info" data-test-id="search-product-card-info">Sin gluten</p></div></div><div class="search-product-card__bottom-section" data-test-id="search-product-card-bottom-section"><!--[--><div class="product-special-offer" data-test-id="product-special-offer"><!-- --><!-- --><!-- --><!-- --><!-- --></div><!-- --><!--]--><!-- --><div class="search-product-card__prices" data-test-id="search-product-card-prices"><p class="search-product-card__active-price" data-test-id="search-product-card-unit-price">1,60��</p><p class="search-product-card__price-per-unit" data-test-id="search-product-card-kilo-price"> (10,67��/KILO) </p></div><div class="add-2-cart search-product-card__bottom-buttons" in-carousel="false"><button aria-label="add to cart button" class="add-2-cart__basic-button add-2-cart__basic-button--enabled" data-test-id="add2cart-basic-button">A�adir</button><!-- --></div></div></div></li><li class="product-card-list__item-container" data-test-id="product-card-list-item" style=""><div brand="Nuestra Alacena de Dia" class="search-product-card search-product-card__dia-border product-card-list__item" content-id="" data-test-id="product-card" expiration_days="0" height="0" is-desktop="true" is-s-mobile-size="false" is-tablet="false" is-tablet-portrait="false" object_id="39997" scroll-down="false" scroll-up="false" weight="0"><div class="search-product-card__top-section" data-test-id="search-product-card-top-section"><div class="search-product-card__aux-head"></div><div class="search-product-card__top-section-content"><!--[--><div class="add-to-list-button" data-test-id="add-to-list-button"><span class="add-to-list-button__simple-button" data-test-id="add-to-list-button-simple-button"><span class="add-to-list-button__simple-button--initial dia-icon-list"></span></span></div><div class="add-product-to-lists-all-modals" data-test-id="add-product-to-lists-all-modals"><!-- --><!-- --><!-- --></div><!--]--><a class="search-product-card__product-image-link" data-test-id="search-product-card-image-url" href="/charcuteria-y-quesos/foie-pate-y-sobrasada/p/39997" rel="external"><img alt="Pat� a la pimienta Nuestra Alacena de Dia frasco 125 g" class="search-product-card__product-image" data-test-id="search-product-card-image" height="176" src="/product_images/39997/39997_ISO_0_ES.jpg?imwidth=176" width="176"/></a><a class="search-product-card__product-link" data-test-id="search-product-card-name" href="/charcuteria-y-quesos/foie-pate-y-sobrasada/p/39997" rel="external"><p class="search-product-card__product-name">Pat� a la pimienta Nuestra Alacena de Dia frasco 125 g</p></a><p class="search-product-card__product-info" data-test-id="search-product-card-info">Sin gluten | Sin lactosa</p></div></div><div class="search-product-card__bottom-section" data-test-id="search-product-card-bottom-section"><!--[--><div class="product-special-offer" data-test-id="product-special-offer"><!-- --><!-- --><!-- --><!-- --><!-- --></div><!-- --><!--]--><!-- --><div class="search-product-card__prices" data-test-id="search-product-card-prices"><p class="search-product-card__active-price" data-test-id="search-product-card-unit-price">1,09��</p><p class="search-product-card__price-per-unit" data-test-id="search-product-card-kilo-price"> (8,72��/KILO) </p></div><div class="add-2-cart search-product-card__bottom-buttons" in-carousel="false"><button aria-label="add to cart button" class="add-2-cart__basic-button add-2-cart__basic-button--enabled" data-test-id="add2cart-basic-button">A�adir</button><!-- --></div></div></div></li><li class="product-card-list__item-container" data-test-id="product-card-list-item" style=""><div brand="Nuestra Alacena de Dia" class="search-product-card search-product-card__dia-border product-card-list__item" content-id="" data-test-id="product-card" expiration_days="0" height="0" is-desktop="true" is-s-mobile-size="false" is-tablet="false" is-tablet-portrait="false" object_id="39998" scroll-down="false" scroll-up="false" weight="0"><div class="search-product-card__top-section" data-test-id="search-product-card-top-section"><div class="search-product-card__aux-head"></div><div class="search-product-card__top-section-content"><!--[--><div class="add-to-list-button" data-test-id="add-to-list-button"><span class="add-to-list-button__simple-button" data-test-id="add-to-list-button-simple-button"><span class="add-to-list-button__simple-button--initial dia-icon-list"></span></span></div><div class="add-product-to-lists-all-modals" data-test-id="add-product-to-lists-all-modals"><!-- --><!-- --><!-- --></div><!--]--><a class="search-product-card__product-image-link" data-test-id="search-product-card-image-url" href="/charcuteria-y-quesos/foie-pate-y-sobrasada/p/39998" rel="external"><img alt="Pat� a las finas hierbas Nuestra Alacena de Dia frasco 125 g" class="search-product-card__product-image" data-test-id="search-product-card-image" height="176" src="/product_images/39998/39998_ISO_0_ES.jpg?imwidth=176" width="176"/></a><a class="search-product-card__product-link" data-test-id="search-product-card-name" href="/charcuteria-y-quesos/foie-pate-y-sobrasada/p/39998" rel="external"><p class="search-product-card__product-name">Pat� a las finas hierbas Nuestra Alacena de Dia frasco 125 g</p></a><p class="search-product-card__product-info" data-test-id="search-product-card-info">Sin gluten | Sin lactosa</p></div></div><div class="search-product-card__bottom-section" data-test-id="search-product-card-bottom-section"><!--[--><div class="product-special-offer" data-test-id="product-special-offer"><!-- --><!-- --><!-- --><!-- --><!-- --></div><!-- --><!--]--><!-- --><div class="search-product-card__prices" data-test-id="search-product-card-prices"><p class="search-product-card__active-price" data-test-id="search-product-card-unit-price">1,09��</p><p class="search-product-card__price-per-unit" data-test-id="search-product-card-kilo-price"> (8,72��/KILO) </p></div><div class="add-2-cart search-product-card__bottom-buttons" in-carousel="false"><button aria-label="add to cart button" class="add-2-cart__basic-button add-2-cart__basic-button--enabled" data-test-id="add2cart-basic-button">A�adir</button><!-- --></div></div></div></li><li class="product-card-list__item-container" data-test-id="product-card-list-item" style=""><div brand="Nuestra Alacena de Dia" class="search-product-card search-product-card__dia-border product-card-list__item" content-id="" data-test-id="product-card" expiration_days="0" height="0" is-desktop="true" is-s-mobile-size="false" is-tablet="false" is-tablet-portrait="false" object_id="293540" scroll-down="false" scroll-up="false" weight="0"><div class="search-product-card__top-section" data-test-id="search-product-card-top-section"><div class="search-product-card__aux-head"></div><div class="search-product-card__top-section-content"><!--[--><div class="add-to-list-button" data-test-id="add-to-list-button"><span class="add-to-list-button__simple-button" data-test-id="add-to-list-button-simple-button"><span class="add-to-list-button__simple-button--initial dia-icon-list"></span></span></div><div class="add-product-to-lists-all-modals" data-test-id="add-product-to-lists-all-modals"><!-- --><!-- --><!-- --></div><!--]--><a class="search-product-card__product-image-link" data-test-id="search-product-card-image-url" href="/charcuteria-y-quesos/foie-pate-y-sobrasada/p/293540" rel="external"><img alt="Pat� de h�gado de cerdo suave Nuestra Alacena de Dia pack 2 x 75 g" class="search-product-card__product-image" data-test-id="search-product-card-image" height="176" src="/product_images/293540/293540_ISO_0_ES.jpg?imwidth=176" width="176"/></a><a class="search-product-card__product-link" data-test-id="search-product-card-name" href="/charcuteria-y-quesos/foie-pate-y-sobrasada/p/293540" rel="external"><p class="search-product-card__product-name">Pat� de h�gado de cerdo suave Nuestra Alacena de Dia pack 2 x 75 g</p></a><p class="search-product-card__product-info" data-test-id="search-product-card-info">Sin gluten</p></div></div><div class="search-product-card__bottom-section" data-test-id="search-product-card-bottom-section"><!--[--><div class="product-special-offer" data-test-id="product-special-offer"><!-- --><!-- --><!-- --><!-- --><!-- --></div><!-- --><!--]--><!-- --><div class="search-product-card__prices" data-test-id="search-product-card-prices"><p class="search-product-card__active-price" data-test-id="search-product-card-unit-price">1,29��</p><p class="search-product-card__price-per-unit" data-test-id="search-product-card-kilo-price"> (8,60��/KILO) </p></div><div class="add-2-cart search-product-card__bottom-buttons" in-carousel="false"><button aria-label="add to cart button" class="add-2-cart__basic-button add-2-cart__basic-button--enabled" data-test-id="add2cart-basic-button">A�adir</button><!-- --></div></div></div></li><li class="product-card-list__item-container" data-test-id="product-card-list-item" style=""><div brand="La piara" class="search-product-card search-product-card__dia-border product-card-list__item" content-id="" data-test-id="product-card" expiration_days="0" height="0" is-desktop="true" is-s-mobile-size="false" is-tablet="false" is-tablet-portrait="false" object_id="284" scroll-down="false" scroll-up="false" weight="0"><div class="search-product-card__top-section" data-test-id="search-product-card-top-section"><div class="search-product-card__aux-head"></div><div class="search-product-card__top-section-content"><!--[--><div class="add-to-list-button" data-test-id="add-to-list-button"><span class="add-to-list-button__simple-button" data-test-id="add-to-list-button-simple-button"><span class="add-to-list-button__simple-button--initial dia-icon-list"></span></span></div><div class="add-product-to-lists-all-modals" data-test-id="add-product-to-lists-all-modals"><!-- --><!-- --><!-- --></div><!--]--><a class="search-product-card__product-image-link" data-test-id="search-product-card-image-url" href="/charcuteria-y-quesos/foie-pate-y-sobrasada/p/284" rel="external"><img alt="Pat� La piara Tapa Negra lata 3 x 75 g" class="search-product-card__product-image" data-test-id="search-product-card-image" height="176" src="/product_images/284/284_ISO_0_ES.jpg?imwidth=176" width="176"/></a><a class="search-product-card__product-link" data-test-id="search-product-card-name" href="/charcuteria-y-quesos/foie-pate-y-sobrasada/p/284" rel="external"><p class="search-product-card__product-name">Pat� La piara Tapa Negra lata 3 x 75 g</p></a><!-- --></div></div><div class="search-product-card__bottom-section" data-test-id="search-product-card-bottom-section"><!--[--><div class="product-special-offer" data-test-id="product-special-offer"><!-- --><!-- --><!-- --><!-- --><!-- --></div><!-- --><!--]--><!-- --><div class="search-product-card__prices" data-test-id="search-product-card-prices"><p class="search-product-card__active-price" data-test-id="search-product-card-unit-price">3,99��</p><p class="search-product-card__price-per-unit" data-test-id="search-product-card-kilo-price"> (17,73��/KILO) </p></div><div class="add-2-cart search-product-card__bottom-buttons" in-carousel="false"><button aria-label="add to cart button" class="add-2-cart__basic-button add-2-cart__basic-button--enabled" data-test-id="add2cart-basic-button">A�adir</button><!-- --></div></div></div></li><li class="product-card-list__item-container" data-test-id="product-card-list-item" style=""><div brand="Nuestra Alacena de Dia" class="search-product-card search-product-card__dia-border product-card-list__item" content-id="" data-test-id="product-card" expiration_days="0" height="0" is-desktop="true" is-s-mobile-size="false" is-tablet="false" is-tablet-portrait="false" object_id="295196" scroll-down="false" scroll-up="false" weight="0"><div class="search-product-card__top-section" data-test-id="search-product-card-top-section"><div class="search-product-card__aux-head"></div><div class="search-product-card__top-section-content"><!--[--><div class="add-to-list-button" data-test-id="add-to-list-button"><span class="add-to-list-button__simple-button" data-test-id="add-to-list-button-simple-button"><span class="add-to-list-button__simple-button--initial dia-icon-list"></span></span></div><div class="add-product-to-lists-all-modals" data-test-id="add-product-to-lists-all-modals"><!-- --><!-- --><!-- --></div><!--]--><a class="search-product-card__product-image-link" data-test-id="search-product-card-image-url" href="/charcuteria-y-quesos/foie-pate-y-sobrasada/p/295196" rel="external"><img alt="Crema de queso azul con cebolla caramelizada  Nuestra Alacena de Dia frasco 110 g" class="search-product-card__product-image" data-test-id="search-product-card-image" height="176" src="/product_images/295196/295196_ISO_0_ES.jpg?imwidth=176" width="176"/></a><a class="search-product-card__product-link" data-test-id="search-product-card-name" href="/charcuteria-y-quesos/foie-pate-y-sobrasada/p/295196" rel="external"><p class="search-product-card__product-name">Crema de queso azul con cebolla caramelizada  Nuestra Alacena de Dia frasco 110 g</p></a><!-- --></div></div><div class="search-product-card__bottom-section" data-test-id="search-product-card-bottom-section"><!--[--><div class="product-special-offer" data-test-id="product-special-offer"><!-- --><!-- --><!-- --><!-- --><!-- --></div><!-- --><!--]--><!-- --><div class="search-product-card__prices" data-test-id="search-product-card-prices"><p class="search-product-card__active-price" data-test-id="search-product-card-unit-price">1,89��</p><p class="search-product-card__price-per-unit" data-test-id="search-product-card-kilo-price"> (17,18��/KILO) </p></div><div class="add-2-cart search-product-card__bottom-buttons" in-carousel="false"><button aria-label="add to cart button" class="add-2-cart__basic-button add-2-cart__basic-button--enabled" data-test-id="add2cart-basic-button">A�adir</button><!-- --></div></div></div></li><li class="product-card-list__item-container" data-test-id="product-card-list-item" style=""><div brand="Nuestra Alacena de Dia" class="search-product-card search-product-card__dia-border product-card-list__item" content-id="" data-test-id="product-card" expiration_days="0" height="0" is-desktop="true" is-s-mobile-size="false" is-tablet="false" is-tablet-portrait="false" object_id="57937" scroll-down="false" scroll-up="false" weight="0"><div class="search-product-card__top-section" data-test-id="search-product-card-top-section"><div class="search-product-card__aux-head"></div><div class="search-product-card__top-section-content"><!--[--><div class="add-to-list-button" data-test-id="add-to-list-button"><span class="add-to-list-button__simple-button" data-test-id="add-to-list-button-simple-button"><span class="add-to-list-button__simple-button--initial dia-icon-list"></span></span></div><div class="add-product-to-lists-all-modals" data-test-id="add-product-to-lists-all-modals"><!-- --><!-- --><!-- --></div><!--]--><a class="search-product-card__product-image-link" data-test-id="search-product-card-image-url" href="/charcuteria-y-quesos/foie-pate-y-sobrasada/p/57937" rel="external"><img alt="Pat� de cerdo ib�rico Nuestra Alacena de Dia frasco 125 g" class="search-product-card__product-image" data-test-id="search-product-card-image" height="176" src="/product_images/57937/57937_ISO_0_ES.jpg?imwidth=176" width="176"/></a><a class="search-product-card__product-link" data-test-id="search-product-card-name" href="/charcuteria-y-quesos/foie-pate-y-sobrasada/p/57937" rel="external"><p class="search-product-card__product-name">Pat� de cerdo ib�rico Nuestra Alacena de Dia frasco 125 g</p></a><p class="search-product-card__product-info" data-test-id="search-product-card-info">Sin gluten | Sin lactosa</p></div></div><div class="search-product-card__bottom-section" data-test-id="search-product-card-bottom-section"><!--[--><div class="product-special-offer" data-test-id="product-special-offer"><!-- --><!-- --><!-- --><!-- --><!-- --></div><!-- --><!--]--><!-- --><div class="search-product-card__prices" data-test-id="search-product-card-prices"><p class="search-product-card__active-price" data-test-id="search-product-card-unit-price">1,09��</p><p class="search-product-card__price-per-unit" data-test-id="search-product-card-kilo-price"> (8,72��/KILO) </p></div><div class="add-2-cart search-product-card__bottom-buttons" in-carousel="false"><button aria-label="add to cart button" class="add-2-cart__basic-button add-2-cart__basic-button--enabled" data-test-id="add2cart-basic-button">A�adir</button><!-- --></div></div></div></li><li class="product-card-list__item-container" data-test-id="product-card-list-item" style=""><div brand="Martiko" class="search-product-card search-product-card__dia-border product-card-list__item" content-id="" data-test-id="product-card" expiration_days="0" height="0" is-desktop="true" is-s-mobile-size="false" is-tablet="false" is-tablet-portrait="false" object_id="213550" scroll-down="false" scroll-up="false" weight="0"><div class="search-product-card__top-section" data-test-id="search-product-card-top-section"><div class="search-product-card__aux-head"></div><div class="search-product-card__top-section-content"><!--[--><div class="add-to-list-button" data-test-id="add-to-list-button"><span class="add-to-list-button__simple-button" data-test-id="add-to-list-button-simple-button"><span class="add-to-list-button__simple-button--initial dia-icon-list"></span></span></div><div class="add-product-to-lists-all-modals" data-test-id="add-product-to-lists-all-modals"><!-- --><!-- --><!-- --></div><!--]--><a class="search-product-card__product-image-link" data-test-id="search-product-card-image-url" href="/charcuteria-y-quesos/foie-pate-y-sobrasada/p/213550" rel="external"><img alt="Pat� de pato superior Martiko blister 75 g" class="search-product-card__product-image" data-test-id="search-product-card-image" height="176" src="/product_images/213550/213550_ISO_0_ES.jpg?imwidth=176" width="176"/></a><a class="search-product-card__product-link" data-test-id="search-product-card-name" href="/charcuteria-y-quesos/foie-pate-y-sobrasada/p/213550" rel="external"><p class="search-product-card__product-name">Pat� de pato superior Martiko blister 75 g</p></a><p class="search-product-card__product-info" data-test-id="search-product-card-info">Sin gluten</p></div></div><div class="search-product-card__bottom-section" data-test-id="search-product-card-bottom-section"><!--[--><div class="product-special-offer" data-test-id="product-special-offer"><!-- --><!-- --><!-- --><!-- --><!-- --></div><!-- --><!--]--><!-- --><div class="search-product-card__prices" data-test-id="search-product-card-prices"><p class="search-product-card__active-price" data-test-id="search-product-card-unit-price">1,95��</p><p class="search-product-card__price-per-unit" data-test-id="search-product-card-kilo-price"> (26,00��/KILO) </p></div><div class="add-2-cart search-product-card__bottom-buttons" in-carousel="false"><button aria-label="add to cart button" class="add-2-cart__basic-button add-2-cart__basic-button--enabled" data-test-id="add2cart-basic-button">A�adir</button><!-- --></div></div></div></li><li class="product-card-list__item-container" data-test-id="product-card-list-item" style=""><a href="/charcuteria-y-quesos/foie-pate-y-sobrasada/p/61982">Pat� de h�gado de cerdo Mina lata 3 x 80 g</a></li><li class="product-card-list__item-container" data-test-id="product-card-list-item" style=""><a href="/charcuteria-y-quesos/foie-pate-y-sobrasada/p/302297">Pat� de mejillones en escabeche Nuestra Alacena de Dia frasco 110 g</a></li><li class="product-card-list__item-container" data-test-id="product-card-list-item" style=""><a href="/charcuteria-y-quesos/foie-pate-y-sobrasada/p/286535">Pat� de�salm�n Nuestra Alacena de Dia frasco 110 g</a></li><li class="product-card-list__item-container" data-test-id="product-card-list-item" style=""><a href="/charcuteria-y-quesos/foie-pate-y-sobrasada/p/262">Pat� La piara Tapa Negra lata 225 g</a></li><li class="product-card-list__item-container" data-test-id="product-card-list-item" style=""><a href="/charcuteria-y-quesos/foie-pate-y-sobrasada/p/57938">Pat� de campa�a Nuestra Alacena de Dia frasco 125 g</a></li><li class="product-card-list__item-container" data-test-id="product-card-list-item" style=""><a href="/charcuteria-y-quesos/foie-pate-y-sobrasada/p/295874">Pat� de cerdo a la pimienta 2 unidades La cuina blister 100 g</a></li><li class="product-card-list__item-container" data-test-id="product-card-list-item" style=""><a href="/charcuteria-y-quesos/foie-pate-y-sobrasada/p/295873">Pat� de cerdo a las finas hierbas 2 unidades La cuina blister 100 g</a></li><li class="product-card-list__item-container" data-test-id="product-card-list-item" style=""><a href="/charcuteria-y-quesos/foie-pate-y-sobrasada/p/286536">Pat�de anchoa Nuestra Alacena de Dia frasco 110 g</a></li><li class="product-card-list__item-container" data-test-id="product-card-list-item" style=""><a href="/charcuteria-y-quesos/foie-pate-y-sobrasada/p/286531">Pat� de�jam�n Nuestra Alacena de Dia frasco 110 g</a></li><li class="product-card-list__item-container" data-test-id="product-card-list-item" style=""><a href="/charcuteria-y-quesos/foie-pate-y-sobrasada/p/304782">Bloc de foie de pato Capdevila lata 135 g</a></li><li class="product-card-list__page-separator" data-test-id="horizontal-banner" style=""><div class="pagination-divider product-card-list__item" data-test-id="pagination-divider" height="0" index="21" is-desktop="true" is-mobile="false" is-s-mobile-size="false" is-tablet="false" is-tablet-portrait="false" item-list-position="21" query-id="d83e32fca705ed7f57c53e9f99cd699c" type="PaginationDivider" use-search-engine="true"></div></li><!--]--></ul></div></div><!-- --><!--[--><!-- --><div class="spinner-trigger" data-test-id="spinner-trigger"><div class="spinner-trigger__container--normal-item-padding spinner-trigger__container" data-test-id="spinner-trigger-container"><span class="spinner-trigger__icon dia-icon-spinner"></span></div></div><!--]--><!-- --></div><div class="pagination-list" data-test-id="pagination-list" data-v-45832004=""><div class="pagination-list__container"><!--[--><a class="pagination-list__item--selected pagination-list__item" data-test-id="pagination-button-1" href="/charcuteria-y-quesos/foie-pate-y-sobrasada/c/L2012" rel="external">1</a><a class="pagination-list__item" data-test-id="pagination-button-2" href="/charcuteria-y-quesos/foie-pate-y-sobrasada/pag-2/c/L2012" rel="external">2</a><a class="pagination-list__item" data-test-id="pagination-button-3" href="/charcuteria-y-quesos/foie-pate-y-sobrasada/pag-3/c/L2012" rel="external">3</a><!--]--></div></div><div data-v-45832004=""></div><div class="scroll-to-top plp-view__fixed-button-scroll" data-v-45832004=""><!-- --></div><div class="mobile-sort-and-filters plp-view__fixed-button-mobile-filters" data-test-id="all-filters-button" data-v-45832004="" is-desktop="true"><span class="mobile-sort-and-filters__button dia-icon-tune" data-test-id="mobile-sort-and-filters-button"></span><!-- --></div><div class="sorting-and-filters-modal" data-test-id="all-filters" data-v-45832004="" style="display:none;"><div class="dia-modal__mask sorting-and-filters-modal__modal" data-test-id="modal-mask"><div class="dia-modal__window" data-test-id="modal"><!-- --><div class="dia-modal__content" data-test-id="modal-content"><!--[--><!-- --><div class="facets-list-special-filters" data-test-id="facets-list"><p class="facets-list-title-special-filters">filtrar por</p><!--[--><div class="special-filter facets-list__special-filters" data-test-id="special_filter_BIO"><!--[--><span><a class="filter-component" data-test-id="filter-component" href="/charcuteria-y-quesos/foie-pate-y-sobrasada/bio/c/13svF15y8"><label class="custom-checkbox custom-checkbox" data-test-id="custom-checkbox" for="bio:SI:es"><input class="custom-checkbox__input" id="bio:SI:es" name="BIO" type="checkbox" value=""/><span class="custom-checkbox__check-container" tabindex="0"><!-- --></span> BIO</label></a></span><!--]--></div><div class="special-filter facets-list__special-filters" data-test-id="special_filter_Sin gluten"><!--[--><span><a class="filter-component" data-test-id="filter-component" href="/charcuteria-y-quesos/foie-pate-y-sobrasada/sin-gluten/c/13svF18vq"><label class="custom-checkbox custom-checkbox" data-test-id="custom-checkbox" for="gluten_free:SI:es"><input class="custom-checkbox__input" id="gluten_free:SI:es" name="Sin gluten" type="checkbox" value=""/><span class="custom-checkbox__check-container" tabindex="0"><!-- --></span> Sin gluten</label></a></span><!--]--></div><div class="special-filter facets-list__special-filters" data-test-id="special_filter_Sin lactosa"><!--[--><span><a class="filter-component" data-test-id="filter-component" href="/charcuteria-y-quesos/foie-pate-y-sobrasada/sin-lactosa/c/13svF18vs"><label class="custom-checkbox custom-checkbox" data-test-id="custom-checkbox" for="lactose_free:SI:es"><input class="custom-checkbox__input" id="lactose_free:SI:es" name="Sin lactosa" type="checkbox" value=""/><span class="custom-checkbox__check-container" tabindex="0"><!-- --></span> Sin lactosa</label></a></span><!--]--></div><div class="special-filter facets-list__special-filters" data-test-id="special_filter_Sin frutos secos"><!--[--><span><a class="filter-component" data-test-id="filter-component" href="/charcuteria-y-quesos/foie-pate-y-sobrasada/sin-frutos-secos/c/13svF18vz"><label class="custom-checkbox custom-checkbox" data-test-id="custom-checkbox" for="nuts_free:SI:es"><input class="custom-checkbox__input" id="nuts_free:SI:es" name="Sin frutos secos" type="checkbox" value=""/><span class="custom-checkbox__check-container" tabindex="0"><!-- --></span> Sin frutos secos</label></a></span><!--]--></div><!--]--><!--[--><div class="filter-list" data-test-id="filter-list"><p class="filter-list__title" data-test-id="filter-list-title">Marca <small class="filter-list__title--number" data-test-id="filter-list-options">(0 de 13)</small></p><hr class="filter-list__break"/><ul class="filter-list__list" style="max-height: 240px"><!--[--><li class="filter-list__list--input"><span><a class="filter-component" data-test-id="filter-component" href="/charcuteria-y-quesos/foie-pate-y-sobrasada/aoste/c/13svF19ou"><label class="custom-checkbox custom-checkbox" data-test-id="custom-checkbox" for="brand_description:Aoste:es"><input class="custom-checkbox__input" id="brand_description:Aoste:es" name="Aoste" type="checkbox" value=""/><span class="custom-checkbox__check-container" tabindex="0"><!-- --></span> Aoste</label></a></span></li><li class="filter-list__list--input"><span><a class="filter-component" data-test-id="filter-component" href="/charcuteria-y-quesos/foie-pate-y-sobrasada/capdevila/c/13svF106g"><label class="custom-checkbox custom-checkbox" data-test-id="custom-checkbox" for="brand_description:Capdevila:es"><input class="custom-checkbox__input" id="brand_description:Capdevila:es" name="Capdevila" type="checkbox" value=""/><span class="custom-checkbox__check-container" tabindex="0"><!-- --></span> Capdevila</label></a></span></li><li class="filter-list__list--input"><span><a class="filter-component" data-test-id="filter-component" href="/charcuteria-y-quesos/foie-pate-y-sobrasada/carlota-organic/c/13svF1phq"><label class="custom-checkbox custom-checkbox" data-test-id="custom-checkbox" for="brand_description:Carlota Organic:es"><input class="custom-checkbox__input" id="brand_description:Carlota Organic:es" name="Carlota Organic" type="checkbox" value=""/><span class="custom-checkbox__check-container" tabindex="0"><!-- --></span> Carlota Organic</label></a></span></li><li class="filter-list__list--input"><span><a class="filter-component" data-test-id="filter-component" href="/charcuteria-y-quesos/foie-pate-y-sobrasada/gourmet-cazorla/c/13svF1qei"><label class="custom-checkbox custom-checkbox" data-test-id="custom-checkbox" for="brand_description:Gourmet Cazorla:es"><input class="custom-checkbox__input" id="brand_description:Gourmet Cazorla:es" name="Gourmet Cazorla" type="checkbox" value=""/><span class="custom-checkbox__check-container" tabindex="0"><!-- --></span> Gourmet Cazorla</label></a></span></li><li class="filter-list__list--input"><span><a class="filter-component" data-test-id="filter-component" href="/charcuteria-y-quesos/foie-pate-y-sobrasada/iberitos/c/13svF1bu3"><label class="custom-checkbox custom-checkbox" data-test-id="custom-checkbox" for="brand_description:Iberitos:es"><input class="custom-checkbox__input" id="brand_description:Iberitos:es" name="Iberitos" type="checkbox" value=""/><span class="custom-checkbox__check-container" tabindex="0"><!-- --></span> Iberitos</label></a></span></li><li class="filter-list__list--input"><span><a class="filter-component" data-test-id="filter-component" href="/charcuteria-y-quesos/foie-pate-y-sobrasada/la-cuina/c/13svF1c3b"><label class="custom-checkbox custom-checkbox" data-test-id="custom-checkbox" for="brand_description:La cuina:es"><input class="custom-checkbox__input" id="brand_description:La cuina:es" name="La cuina" type="checkbox" value=""/><span class="custom-checkbox__check-container" tabindex="0"><!-- --></span> La cuina</label></a></span></li><li class="filter-list__list--input"><span><a class="filter-component" data-test-id="filter-component" href="/charcuteria-y-quesos/foie-pate-y-sobrasada/la-piara/c/13svF1bil"><label class="custom-checkbox custom-checkbox" data-test-id="custom-checkbox" for="brand_description:La piara:es"><input class="custom-checkbox__input" id="brand_description:La piara:es" name="La piara" type="checkbox" value=""/><span class="custom-checkbox__check-container" tabindex="0"><!-- --></span> La piara</label></a></span></li><li class="filter-list__list--input"><span><a class="filter-component" data-test-id="filter-component" href="/charcuteria-y-quesos/foie-pate-y-sobrasada/martiko/c/13svF1bne"><label class="custom-checkbox custom-checkbox" data-test-id="custom-checkbox" for="brand_description:Martiko:es"><input class="custom-checkbox__input" id="brand_description:Martiko:es" name="Martiko" type="checkbox" value=""/><span class="custom-checkbox__check-container" tabindex="0"><!-- --></span> Martiko</label></a></span></li><li class="filter-list__list--input"><span><a class="filter-component" data-test-id="filter-component" href="/charcuteria-y-quesos/foie-pate-y-sobrasada/mina/c/13svF1but"><label class="custom-checkbox custom-checkbox" data-test-id="custom-checkbox" for="brand_description:Mina:es"><input class="custom-checkbox__input" id="brand_description:Mina:es" name="Mina" type="checkbox" value=""/><span class="custom-checkbox__check-container" tabindex="0"><!-- --></span> Mina</label></a></span></li><li class="filter-list__list--input"><span><a class="filter-component" data-test-id="filter-component" href="/charcuteria-y-quesos/foie-pate-y-sobrasada/nuestra-alacena-de-dia/c/13svF1uxu"><label class="custom-checkbox custom-checkbox" data-test-id="custom-checkbox" for="brand_description:Nuestra Alacena de Dia:es"><input class="custom-checkbox__input" id="brand_description:Nuestra Alacena de Dia:es" name="Nuestra Alacena de Dia" type="checkbox" value=""/><span class="custom-checkbox__check-container" tabindex="0"><!-- --></span> Nuestra Alacena de Dia</label></a></span></li><li class="filter-list__list--input"><span><a class="filter-component" data-test-id="filter-component" href="/charcuteria-y-quesos/foie-pate-y-sobrasada/sivore/c/13svF1c4j"><label class="custom-checkbox custom-checkbox" data-test-id="custom-checkbox" for="brand_description:Sivore:es"><input class="custom-checkbox__input" id="brand_description:Sivore:es" name="Sivore" type="checkbox" value=""/><span class="custom-checkbox__check-container" tabindex="0"><!-- --></span> Sivore</label></a></span></li><li class="filter-list__list--input"><span><a class="filter-component" data-test-id="filter-component" href="/charcuteria-y-quesos/foie-pate-y-sobrasada/vegecampo-de-dia/c/13svF1ux5"><label class="custom-checkbox custom-checkbox" data-test-id="custom-checkbox" for="brand_description:Vegecampo de Dia:es"><input class="custom-checkbox__input" id="brand_description:Vegecampo de Dia:es" name="Vegecampo de Dia" type="checkbox" value=""/><span class="custom-checkbox__check-container" tabindex="0"><!-- --></span> Vegecampo de Dia</label></a></span></li><li class="filter-list__list--input"><span><a class="filter-component" data-test-id="filter-component" href="/charcuteria-y-quesos/foie-pate-y-sobrasada/vegedia/c/13svF19q3"><label class="custom-checkbox custom-checkbox" data-test-id="custom-checkbox" for="brand_description:Vegedia:es"><input class="custom-checkbox__input" id="brand_description:Vegedia:es" name="Vegedia" type="checkbox" value=""/><span class="custom-checkbox__check-container" tabindex="0"><!-- --></span> Vegedia</label></a></span></li><!--]--></ul><ul class="filter-list__more" data-test-id="filter-list-btn"><li class="filter-list__more--title" data-test-id="filter-list-btn-title">Ver m�s</li></ul></div><!--]--></div><div class="sorting-and-filters-modal__bottom-section"><div class="sorting-and-filters-modal__buttons" data-test-id="sorting-and-filters-modal-buttons"><div class="remove-filters" data-test-id="remove-filters"><div class="remove-filters__no-filters" data-test-id="remove-filters-no-filters">No hay filtros aplicados</div></div><button class="close-button" data-test-id="sort-and-filters-modal-close-button">Cerrar</button></div><!-- --></div><div class="sorting-and-filters-modal__white-space"></div><!--]--></div></div></div></div></div><!--]--><!--]--><div class="dia-footer" data-test-id="dia-footer"><div class="footer-signature__signature" data-test-id="footer-signature" items-position="footer"><p data-test-id="footer-signature-text">Dia Supermercado online</p></div><div class="footer-info__list"><!--[--><div class="footer-info__odd-section footer-info__section" data-test-id="footer-information"><span class="footer-info__section--permalink" data-test-id="footer-information-permalink" rel="external"><div class="footer-info__section--main"><div class="footer-info__section--logo"><div class="dia-icon-truck footer-info__information--icon" data-test-id="footer-information-icon"></div></div><div class="footer-info__information"><p class="footer-info__information-title" data-test-id="footer-information-title">Pide hoy, recibe hoy</p><p class="footer-info__information-text" data-test-id="footer-information-text">Entrega r�pida y en la franja horaria que mejor te venga.</p></div></div></span><hr class="footer-info__breaker"/></div><div class="footer-info__even-section footer-info__section" data-test-id="footer-information"><span class="footer-info__section--permalink" data-test-id="footer-information-permalink" rel="external"><div class="footer-info__section--main"><div class="footer-info__section--logo"><div class="dia-icon-euro footer-info__information--icon" data-test-id="footer-information-icon"></div></div><div class="footer-info__information"><p class="footer-info__information-title" data-test-id="footer-information-title">Env�o desde 4,99�</p><p class="footer-info__information-text" data-test-id="footer-information-text">Env�o est�ndar por 4,99�. Gratis con +100�. Env�o express por 4,99�.</p></div></div></span><hr class="footer-info__breaker"/></div><div class="footer-info__odd-section footer-info__section" data-test-id="footer-information"><a class="footer-info__section--permalink" data-test-id="footer-information-permalink" href="https://www.dia.es/tiendas/buscador-tiendas-folletos" rel="external"><div class="footer-info__section--main"><div class="footer-info__section--logo"><div class="dia-icon-Map-pin footer-info__information--icon" data-test-id="footer-information-icon"></div></div><div class="footer-info__information"><p class="footer-info__information-title" data-test-id="footer-information-title">Encuentra tu tienda</p><p class="footer-info__information-text" data-test-id="footer-information-text">Localiza tu tienda y descubre las mejores ofertas.</p></div></div></a><hr class="footer-info__breaker"/></div><div class="footer-info__even-section footer-info__section" data-test-id="footer-information"><a class="footer-info__section--permalink" data-test-id="footer-information-permalink" href="https://www.dia.es/folleto" rel="external"><div class="footer-info__section--main"><div class="footer-info__section--logo"><div class="dia-icon-brochure footer-info__information--icon" data-test-id="footer-information-icon"></div></div><div class="footer-info__information"><p class="footer-info__information-title" data-test-id="footer-information-title">Folletos</p><p class="footer-info__information-text" data-test-id="footer-information-text">Descubre las mejores Ofertas.</p></div></div></a><hr class="footer-info__breaker"/></div><div class="footer-info__odd-section footer-info__section" data-test-id="footer-information"><a class="footer-info__section--permalink" data-test-id="footer-information-permalink" href="/l/tarjeta-club-dia" rel="external"><div class="footer-info__section--main"><div class="footer-info__section--logo"><div class="dia-icon-credit-card footer-info__information--icon" data-test-id="footer-information-icon"></div></div><div class="footer-info__information"><p class="footer-info__information-title" data-test-id="footer-information-title">Tarjeta CLUB Dia</p><p class="footer-info__information-text" data-test-id="footer-information-text">Solicita tu tarjeta y disfruta las ventajas del club.</p></div></div></a><hr class="footer-info__breaker"/></div><div class="footer-info__even-section footer-info__section" data-test-id="footer-information"><a class="footer-info__section--permalink" data-test-id="footer-information-permalink" href="/l/facturas_3P" rel="external"><div class="footer-info__section--main"><div class="footer-info__section--logo"><div class="dia-icon-bill footer-info__information--icon" data-test-id="footer-information-icon"></div></div><div class="footer-info__information"><p class="footer-info__information-title" data-test-id="footer-information-title">Glovo, Uber Eats y Just Eat</p><p class="footer-info__information-text" data-test-id="footer-information-text">Solicita tu factura de Glovo, Uber Eats o Just Eat</p></div></div></a><hr class="footer-info__breaker"/></div><!--]--></div><ul class="footer-webs" data-test-id="footer-webs"><!--[--><li class="footer-webs__section" data-test-id="footer-webs-section"><a class="footer-webs__section-link" data-test-id="footer-webs-section-link" href="http://blog.dia.es/" rel="external">Recetas</a><p class="footer-webs__circle">�</p></li><li class="footer-webs__section" data-test-id="footer-webs-section"><a class="footer-webs__section-link" data-test-id="footer-webs-section-link" href="/l/comer-mejor-cada-dia" rel="external">Comer mejor cada Dia</a><p class="footer-webs__circle">�</p></li><li class="footer-webs__section" data-test-id="footer-webs-section"><a class="footer-webs__section-link" data-test-id="footer-webs-section-link" href="https://www.dia.es/tiendas/empleo" rel="external">Empleo</a><p class="footer-webs__circle">�</p></li><li class="footer-webs__section" data-test-id="footer-webs-section"><a class="footer-webs__section-link" data-test-id="footer-webs-section-link" href="/contacto-proveedores" rel="external">Colabora con DIA</a><p class="footer-webs__circle">�</p></li><li class="footer-webs__section" data-test-id="footer-webs-section"><a class="footer-webs__section-link" data-test-id="footer-webs-section-link" href="https://franquicia.dia.es/" rel="external">Abre tu tienda</a><p class="footer-webs__circle">�</p></li><li class="footer-webs__section" data-test-id="footer-webs-section"><a class="footer-webs__section-link" data-test-id="footer-webs-section-link" href="https://diacorporate.com/" rel="external">DIA corporate</a><p class="footer-webs__circle">�</p></li><!--]--></ul><div class="dia-footer__contact"><div class="social-media__social" data-test-id="footer-social-media"><!--[--><div class="social-media__social--section" data-test-id="footer-social-media-section"><a class="social-media__social--icon" data-test-id="footer-social-media-permalink" href="https://twitter.com/dia_group?lang=es" rel="external"><div class="dia-icon-twitter social-media__information--icon" data-test-id="footer-social-icon" title="Twitter"></div></a></div><div class="social-media__social--section" data-test-id="footer-social-media-section"><a class="social-media__social--icon" data-test-id="footer-social-media-permalink" href="https://www.facebook.com/DIAEspana?lang=es" rel="external"><div class="dia-icon-facebook social-media__information--icon" data-test-id="footer-social-icon" title="Facebook"></div></a></div><div class="social-media__social--section" data-test-id="footer-social-media-section"><a class="social-media__social--icon" data-test-id="footer-social-media-permalink" href="https://instagram.com/dia_esp?lang=es" rel="external"><div class="dia-icon-instagram social-media__information--icon" data-test-id="footer-social-icon" title="Instagram"></div></a></div><div class="social-media__social--section" data-test-id="footer-social-media-section"><a class="social-media__social--icon" data-test-id="footer-social-media-permalink" href="https://www.tiktok.com/@dia_espana?lang=es" rel="external"><div class="dia-icon-tik-tok social-media__information--icon" data-test-id="footer-social-icon" title="Tik Tok"></div></a></div><div class="social-media__social--section" data-test-id="footer-social-media-section"><a class="social-media__social--icon" data-test-id="footer-social-media-permalink" href="https://www.youtube.com/user/DIAespana" rel="external"><div class="dia-icon-youtube social-media__information--icon" data-test-id="footer-social-icon" title="Youtube"></div></a></div><!--]--></div><div class="dia-footer__contact-drop"><div class="select-wrapper" data-test-id="select-language"><ul class="select-wrapper__drop-down" style="height: 0"><li class="select-wrapper__item"><span class="select-wrapper__es-lang"><span class="dia-icon-es"></span><span class="dia-icon-es1"></span><span class="dia-icon-es2"></span></span><p class="select-wrapper__item--language">Espa�ol</p></li><li class="select-wrapper__item"><span class="select-wrapper__ca-lang"><span class="dia-icon-ca"></span><span class="dia-icon-ca2"></span><span class="dia-icon-ca3"></span><span class="dia-icon-ca4"></span><span class="dia-icon-ca5"></span></span><p class="select-wrapper__item--language">Catal�</p></li><li class="select-wrapper__item"><span class="select-wrapper__en-lang"><span class="dia-icon-en1"></span><span class="dia-icon-en2"></span><span class="dia-icon-en3"></span><span class="dia-icon-en4"></span><span class="dia-icon-en5"></span><span class="dia-icon-en6"></span><span class="dia-icon-en7"></span><span class="dia-icon-en8"></span><span class="dia-icon-en9"></span><span class="dia-icon-en10"></span><span class="dia-icon-en11"></span><span class="dia-icon-en12"></span><span class="dia-icon-en13"></span></span><p class="select-wrapper__item--language">English</p></li><li class="select-wrapper__item"><span class="select-wrapper__pt-lang"><span class="dia-icon-pt"></span><span class="dia-icon-pt1"></span></span><p class="select-wrapper__item--language">Portugu�s</p></li></ul><ul class="select-wrapper__select-language"><li class="select-wrapper__select-language"></li><li class="dia-icon-arrow_drop_down"></li></ul></div><div class="customer-support"><!--[--><div class="customer-support__att" data-test-id="footer-customer-support"><a class="customer-support__att--title" data-test-id="footer-customer-support-link" href="/l/atencion-al-cliente" rel="external"><div class="customer-support__att--icon dia-icon-phone-call"></div><p>Atenci�n al cliente</p></a></div><!--]--></div></div></div><!--[--><div class="footer-legals__legals" data-test-id="footer-legals"><!--[--><div class="footer-legals__privacy"><div class="footer-legals__privacy--policy" data-test-id="footer-legals-section"><span class="footer-legals__privacy--permalink" data-test-id="footer-legals-section-link" rel="external"><p data-test-id="footer-legals-section-title">Pol�tica de privacidad</p></span></div><hr class="footer-legals__breaker"/></div><div class="footer-legals__privacy"><div class="footer-legals__privacy--policy" data-test-id="footer-legals-section"><a class="footer-legals__privacy--permalink" data-test-id="footer-legals-section-link" href="/l/politica-cookies" rel="external"><p data-test-id="footer-legals-section-title">Pol�tica de cookies</p></a></div><hr class="footer-legals__breaker"/></div><div class="footer-legals__privacy"><div class="footer-legals__privacy--policy" data-test-id="footer-legals-section"><a class="footer-legals__privacy--permalink" data-test-id="footer-legals-section-link" href="/l/aviso-legal" rel="external"><p data-test-id="footer-legals-section-title">Aviso legal</p></a></div><hr class="footer-legals__breaker"/></div><div class="footer-legals__privacy"><div class="footer-legals__privacy--policy" data-test-id="footer-legals-section"><span class="footer-legals__privacy--permalink" data-test-id="footer-legals-section-link" rel="external"><p data-test-id="footer-legals-section-title">Condiciones de compra</p></span></div><hr class="footer-legals__breaker"/></div><!--]--></div><!-- --><!--]--></div></div></div></div></div></div>
<script defer="" src="/plp-front/assets/1-33-0/entries/entry-client-routing.b21c0001.js" type="module"></script>
<link as="script" href="/plp-front/assets/1-33-0/entries/src_pages_l2_index.page.35748bc1.js" rel="modulepreload" type="text/javascript"/>
<link as="script" href="/plp-front/assets/1-33-0/chunks/chunk-cf010ec4.js" rel="modulepreload" type="text/javascript"/>
<link as="script" href="/plp-front/assets/1-33-0/chunks/chunk-7d00279e.js" rel="modulepreload" type="text/javascript"/>
<link as="script" href="/plp-front/assets/1-33-0/chunks/chunk-269bb119.js" rel="modulepreload" type="text/javascript"/>
<link as="script" href="/plp-front/assets/1-33-0/chunks/chunk-e4744881.js" rel="modulepreload" type="text/javascript"/>
<link as="script" href="/plp-front/assets/1-33-0/chunks/chunk-d2b23299.js" rel="modulepreload" type="text/javascript"/>
<link as="script" href="/plp-front/assets/1-33-0/chunks/chunk-69dd2e91.js" rel="modulepreload" type="text/javascript"/>
<link as="script" href="/plp-front/assets/1-33-0/chunks/chunk-434d6adc.js" rel="modulepreload" type="text/javascript"/>
<link as="script" href="/plp-front/assets/1-33-0/chunks/chunk-b358066f.js" rel="modulepreload" type="text/javascript"/>
<link as="script" href="/plp-front/assets/1-33-0/chunks/chunk-ca6b1904.js" rel="modulepreload" type="text/javascript"/>
<link as="script" href="/plp-front/assets/1-33-0/chunks/chunk-86a44645.js" rel="modulepreload" type="text/javascript"/>
<link as="script" href="/plp-front/assets/1-33-0/chunks/chunk-10b2312a.js" rel="modulepreload" type="text/javascript"/>
<link as="script" href="/plp-front/assets/1-33-0/chunks/chunk-17d13468.js" rel="modulepreload" type="text/javascript"/>
<link as="script" href="/plp-front/assets/1-33-0/chunks/chunk-d28752f0.js" rel="modulepreload" type="text/javascript"/>
<link as="script" href="/plp-front/assets/1-33-0/chunks/chunk-85169915.js" rel="modulepreload" type="text/javascript"/>
<link as="script" href="/plp-front/assets/1-33-0/chunks/chunk-0825ee0d.js" rel="modulepreload" type="text/javascript"/>
<link as="script" href="/plp-front/assets/1-33-0/entries/renderer_default.page.client.0648d5fa.js" rel="modulepreload" type="text/javascript"/>
<link as="script" href="/plp-front/assets/1-33-0/chunks/chunk-67e52153.js" rel="modulepreload" type="text/javascript"/>
<link as="script" href="/plp-front/assets/1-33-0/chunks/chunk-34661dad.js" rel="modulepreload" type="text/javascript"/>
<link as="script" href="/plp-front/assets/1-33-0/chunks/chunk-1ec6ed81.js" rel="modulepreload" type="text/javascript"/>
<link as="script" href="/plp-front/assets/1-33-0/chunks/chunk-3a52d0e9.js" rel="modulepreload" type="text/javascript"/>
<link as="script" href="/plp-front/assets/1-33-0/entries/renderer_default.page.server.extractAssets.4ed993c7.js" rel="modulepreload" type="text/javascript"/>
<script id="vike_pageContext" type="application/json">{"pageProps":"!undefined","routeParams":{"categoryType":"L2","is404":null},"INITIAL_STATE":{"config":{"ssrHeaders":{"Accept":"application/json, text/plain, */*","Content-Type":"!undefined","cart_id":"6509140a-6dd9-4723-bfc3-81164a8af223","session_id":"13ddd91c-5ed6-4508-8f54-da8b8cd09103","customer_id":"","x-locale":"es","x-mobile":""},"baseUrl":"https://www.dia.es"},"redirection":{"location":"","redirectionStatus":0},"headersToPropagate":{"X-Algolia-Hit":"false","X-Cache-Hit":"true"},"customStatusResponse":{"useCustomStatusResponse":false,"customStatusCode":200},"availableLocales":["es","ca","en","pt"],"selectedLang":"","robotsValue":"index, follow","seo":{"current_category_name":"Foie, pat� y sobrasada","description":"Foie, pat� y sobrasada","h1":"Foie, pat� y sobrasada","title":"Foie, pat� y sobrasada"},"cartData":{"id":"","amount":"","postal_code":""},"customerData":{"id":"","display_name":""},"clientNavigationKey":0,"total_items":51,"seoProductMarkingData":{"@context":"http://schema.org","@type":"ItemList","itemListElement":[{"@type":"ListItem","item":{"@type":"Product","image":"https://www.dia.es/product_images/293538/293538_ISO_0_ES.jpg","name":"Pat� de cerdo intenso Nuestra Alacena de Dia pack 3 x 75 g","offers":{"@type":"Offer","availability":"https://schema.org/InStock","price":1.75,"priceCurrency":"EUR"}},"position":1,"url":"https://www.dia.es/charcuteria-y-quesos/foie-pate-y-sobrasada/p/293538"},{"@type":"ListItem","item":{"@type":"Product","image":"https://www.dia.es/product_images/280341/280341_ISO_0_ES.jpg","name":"Mousse de foie de pato Aoste blister 100 g","offers":{"@type":"Offer","availability":"https://schema.org/InStock","price":1.99,"priceCurrency":"EUR"}},"position":2,"url":"https://www.dia.es/charcuteria-y-quesos/foie-pate-y-sobrasada/p/280341"},{"@type":"ListItem","item":{"@type":"Product","image":"https://www.dia.es/product_images/293539/293539_ISO_0_ES.jpg","name":"Pat� de at�n  Nuestra Alacena de Dia pack 2 x 75 g","offers":{"@type":"Offer","availability":"https://schema.org/InStock","price":1.6,"priceCurrency":"EUR"}},"position":3,"url":"https://www.dia.es/charcuteria-y-quesos/foie-pate-y-sobrasada/p/293539"},{"@type":"ListItem","item":{"@type":"Product","image":"https://www.dia.es/product_images/39997/39997_ISO_0_ES.jpg","name":"Pat� a la pimienta Nuestra Alacena de Dia frasco 125 g","offers":{"@type":"Offer","availability":"https://schema.org/InStock","price":1.09,"priceCurrency":"EUR"}},"position":4,"url":"https://www.dia.es/charcuteria-y-quesos/foie-pate-y-sobrasada/p/39997"},{"@type":"ListItem","item":{"@type":"Product","image":"https://www.dia.es/product_images/39998/39998_ISO_0_ES.jpg","name":"Pat� a las finas hierbas Nuestra Alacena de Dia frasco 125 g","offers":{"@type":"Offer","availability":"https://schema.org/InStock","price":1.09,"priceCurrency":"EUR"}},"position":5,"url":"https://www.dia.es/charcuteria-y-quesos/foie-pate-y-sobrasada/p/39998"},{"@type":"ListItem","item":{"@type":"Product","image":"https://www.dia.es/product_images/293540/293540_ISO_0_ES.jpg","name":"Pat� de h�gado de cerdo suave Nuestra Alacena de Dia pack 2 x 75 g","offers":{"@type":"Offer","availability":"https://schema.org/InStock","price":1.29,"priceCurrency":"EUR"}},"position":6,"url":"https://www.dia.es/charcuteria-y-quesos/foie-pate-y-sobrasada/p/293540"},{"@type":"ListItem","item":{"@type":"Product","image":"https://www.dia.es/product_images/284/284_ISO_0_ES.jpg","name":"Pat� La piara Tapa Negra lata 3 x 75 g","offers":{"@type":"Offer","availability":"https://schema.org/InStock","price":3.99,"priceCurrency":"EUR"}},"position":7,"url":"https://www.dia.es/charcuteria-y-quesos/foie-pate-y-sobrasada/p/284"},{"@type":"ListItem","item":{"@type":"Product","image":"https://www.dia.es/product_images/295196/295196_ISO_0_ES.jpg","name":"Crema de queso azul con cebolla caramelizada  Nuestra Alacena de Dia frasco 110 g","offers":{"@type":"Offer","availability":"https://schema.org/InStock","price":1.89,"priceCurrency":"EUR"}},"position":8,"url":"https://www.dia.es/charcuteria-y-quesos/foie-pate-y-sobrasada/p/295196"},{"@type":"ListItem","item":{"@type":"Product","image":"https://www.dia.es/product_images/57937/57937_ISO_0_ES.jpg","name":"Pat� de cerdo ib�rico Nuestra Alacena de Dia frasco 125 g","offers":{"@type":"Offer","availability":"https://schema.org/InStock","price":1.09,"priceCurrency":"EUR"}},"position":9,"url":"https://www.dia.es/charcuteria-y-quesos/foie-pate-y-sobrasada/p/57937"},{"@type":"ListItem","item":{"@type":"Product","image":"https://www.dia.es/product_images/213550/213550_ISO_0_ES.jpg","name":"Pat� de pato superior Martiko blister 75 g","offers":{"@type":"Offer","availability":"https://schema.org/InStock","price":1.95,"priceCurrency":"EUR"}},"position":10,"url":"https://www.dia.es/charcuteria-y-quesos/foie-pate-y-sobrasada/p/213550"},{"@type":"ListItem","item":{"@type":"Product","image":"https://www.dia.es/product_images/61982/61982_ISO_0_ES.jpg","name":"Pat� de h�gado de cerdo Mina lata 3 x 80 g","offers":{"@type":"Offer","availability":"https://schema.org/InStock","price":2.19,"priceCurrency":"EUR"}},"position":11,"url":"https://www.dia.es/charcuteria-y-quesos/foie-pate-y-sobrasada/p/61982"},{"@type":"ListItem","item":{"@type":"Product","image":"https://www.dia.es/product_images/302297/302297_ISO_0_ES.jpg","name":"Pat� de mejillones en escabeche Nuestra Alacena de Dia frasco 110 g","offers":{"@type":"Offer","availability":"https://schema.org/InStock","price":1.49,"priceCurrency":"EUR"}},"position":12,"url":"https://www.dia.es/charcuteria-y-quesos/foie-pate-y-sobrasada/p/302297"},{"@type":"ListItem","item":{"@type":"Product","image":"https://www.dia.es/product_images/286535/286535_ISO_0_ES.jpg","name":"Pat� de�salm�n Nuestra Alacena de Dia frasco 110 g","offers":{"@type":"Offer","availability":"https://schema.org/InStock","price":1.49,"priceCurrency":"EUR"}},"position":13,"url":"https://www.dia.es/charcuteria-y-quesos/foie-pate-y-sobrasada/p/286535"},{"@type":"ListItem","item":{"@type":"Product","image":"https://www.dia.es/product_images/262/262_ISO_0_ES.jpg","name":"Pat� La piara Tapa Negra lata 225 g","offers":{"@type":"Offer","availability":"https://schema.org/InStock","price":3.49,"priceCurrency":"EUR"}},"position":14,"url":"https://www.dia.es/charcuteria-y-quesos/foie-pate-y-sobrasada/p/262"},{"@type":"ListItem","item":{"@type":"Product","image":"https://www.dia.es/product_images/57938/57938_ISO_0_ES.jpg","name":"Pat� de campa�a Nuestra Alacena de Dia frasco 125 g","offers":{"@type":"Offer","availability":"https://schema.org/InStock","price":1.09,"priceCurrency":"EUR"}},"position":15,"url":"https://www.dia.es/charcuteria-y-quesos/foie-pate-y-sobrasada/p/57938"},{"@type":"ListItem","item":{"@type":"Product","image":"https://www.dia.es/product_images/295874/295874_ISO_0_ES.jpg","name":"Pat� de cerdo a la pimienta 2 unidades La cuina blister 100 g","offers":{"@type":"Offer","availability":"https://schema.org/InStock","price":1.29,"priceCurrency":"EUR"}},"position":16,"url":"https://www.dia.es/charcuteria-y-quesos/foie-pate-y-sobrasada/p/295874"},{"@type":"ListItem","item":{"@type":"Product","image":"https://www.dia.es/product_images/295873/295873_ISO_0_ES.jpg","name":"Pat� de cerdo a las finas hierbas 2 unidades La cuina blister 100 g","offers":{"@type":"Offer","availability":"https://schema.org/InStock","price":1.29,"priceCurrency":"EUR"}},"position":17,"url":"https://www.dia.es/charcuteria-y-quesos/foie-pate-y-sobrasada/p/295873"},{"@type":"ListItem","item":{"@type":"Product","image":"https://www.dia.es/product_images/286536/286536_ISO_0_ES.jpg","name":"Pat�de anchoa Nuestra Alacena de Dia frasco 110 g","offers":{"@type":"Offer","availability":"https://schema.org/InStock","price":1.49,"priceCurrency":"EUR"}},"position":18,"url":"https://www.dia.es/charcuteria-y-quesos/foie-pate-y-sobrasada/p/286536"},{"@type":"ListItem","item":{"@type":"Product","image":"https://www.dia.es/product_images/286531/286531_ISO_0_ES.jpg","name":"Pat� de�jam�n Nuestra Alacena de Dia frasco 110 g","offers":{"@type":"Offer","availability":"https://schema.org/InStock","price":1.49,"priceCurrency":"EUR"}},"position":19,"url":"https://www.dia.es/charcuteria-y-quesos/foie-pate-y-sobrasada/p/286531"},{"@type":"ListItem","item":{"@type":"Product","image":"https://www.dia.es/product_images/304782/304782_ISO_0_ES.jpg","name":"Bloc de foie de pato Capdevila lata 135 g","offers":{"@type":"Offer","availability":"https://schema.org/InStock","price":5.99,"priceCurrency":"EUR"}},"position":20,"url":"https://www.dia.es/charcuteria-y-quesos/foie-pate-y-sobrasada/p/304782"}],"numberOfItems":51,"url":"https://www.dia.es/charcuteria-y-quesos/foie-pate-y-sobrasada/c/L2012"},"l1":{"categoriesList":[],"firstL1SectionCategory":null,"adPlacements":{"first_section":{},"second_section":{},"iterable_section":[],"final_section":{}},"secondL1SectionCategories":[],"l1IterableSection":[],"skuIdsL1":{}},"l2":{"plp_items":[{"brand":"Nuestra Alacena de Dia","display_name":"Pat� de cerdo intenso Nuestra Alacena de Dia pack 3 x 75 g","expiration_days":0,"image":"/product_images/293538/293538_ISO_0_ES.jpg","object_id":"293538","prices":{"currency":"EUR","discount_percentage":0,"is_club_price":false,"is_promo_price":false,"measure_unit":"KILO","price":1.75,"price_per_unit":7.78,"strikethrough_price":1.75},"sku_id":"293538","units_in_cart":0,"units_in_stock":37,"url":"/charcuteria-y-quesos/foie-pate-y-sobrasada/p/293538","weight":0},{"brand":"Aoste","display_name":"Mousse de foie de pato Aoste blister 100 g","expiration_days":0,"image":"/product_images/280341/280341_ISO_0_ES.jpg","object_id":"280341","prices":{"currency":"EUR","discount_percentage":0,"is_club_price":false,"is_promo_price":false,"measure_unit":"KILO","price":1.99,"price_per_unit":19.9,"strikethrough_price":1.99},"product_info":"Sin gluten","promotions":[{"description":"3 eur dto comprando 15 eur selecci�n campofri","only_club_dia":true,"short_description":"SELECCI� CAMPOFR�O"}],"sku_id":"280341","units_in_cart":0,"units_in_stock":68,"url":"/charcuteria-y-quesos/foie-pate-y-sobrasada/p/280341","weight":0},{"brand":"Nuestra Alacena de Dia","display_name":"Pat� de at�n  Nuestra Alacena de Dia pack 2 x 75 g","expiration_days":0,"image":"/product_images/293539/293539_ISO_0_ES.jpg","object_id":"293539","prices":{"currency":"EUR","discount_percentage":0,"is_club_price":false,"is_promo_price":false,"measure_unit":"KILO","price":1.6,"price_per_unit":10.67,"strikethrough_price":1.6},"product_info":"Sin gluten","sku_id":"293539","units_in_cart":0,"units_in_stock":94,"url":"/charcuteria-y-quesos/foie-pate-y-sobrasada/p/293539","weight":0},{"brand":"Nuestra Alacena de Dia","display_name":"Pat� a la pimienta Nuestra Alacena de Dia frasco 125 g","expiration_days":0,"image":"/product_images/39997/39997_ISO_0_ES.jpg","object_id":"39997","prices":{"currency":"EUR","discount_percentage":0,"is_club_price":false,"is_promo_price":false,"measure_unit":"KILO","price":1.09,"price_per_unit":8.72,"strikethrough_price":1.09},"product_info":"Sin gluten | Sin lactosa","sku_id":"39997","units_in_cart":0,"units_in_stock":84,"url":"/charcuteria-y-quesos/foie-pate-y-sobrasada/p/39997","weight":0},{"brand":"Nuestra Alacena de Dia","display_name":"Pat� a las finas hierbas Nuestra Alacena de Dia frasco 125 g","expiration_days":0,"image":"/product_images/39998/39998_ISO_0_ES.jpg","object_id":"39998","prices":{"currency":"EUR","discount_percentage":0,"is_club_price":false,"is_promo_price":false,"measure_unit":"KILO","price":1.09,"price_per_unit":8.72,"strikethrough_price":1.09},"product_info":"Sin gluten | Sin lactosa","sku_id":"39998","units_in_cart":0,"units_in_stock":73,"url":"/charcuteria-y-quesos/foie-pate-y-sobrasada/p/39998","weight":0},{"brand":"Nuestra Alacena de Dia","display_name":"Pat� de h�gado de cerdo suave Nuestra Alacena de Dia pack 2 x 75 g","expiration_days":0,"image":"/product_images/293540/293540_ISO_0_ES.jpg","object_id":"293540","prices":{"currency":"EUR","discount_percentage":0,"is_club_price":false,"is_promo_price":false,"measure_unit":"KILO","price":1.29,"price_per_unit":8.6,"strikethrough_price":1.29},"product_info":"Sin gluten","sku_id":"293540","units_in_cart":0,"units_in_stock":112,"url":"/charcuteria-y-quesos/foie-pate-y-sobrasada/p/293540","weight":0},{"brand":"La piara","display_name":"Pat� La piara Tapa Negra lata 3 x 75 g","expiration_days":0,"image":"/product_images/284/284_ISO_0_ES.jpg","object_id":"284","prices":{"currency":"EUR","discount_percentage":0,"is_club_price":false,"is_promo_price":false,"measure_unit":"KILO","price":3.99,"price_per_unit":17.73,"strikethrough_price":3.99},"sku_id":"284","units_in_cart":0,"units_in_stock":37,"url":"/charcuteria-y-quesos/foie-pate-y-sobrasada/p/284","weight":0},{"brand":"Nuestra Alacena de Dia","display_name":"Crema de queso azul con cebolla caramelizada  Nuestra Alacena de Dia frasco 110 g","expiration_days":0,"image":"/product_images/295196/295196_ISO_0_ES.jpg","object_id":"295196","prices":{"currency":"EUR","discount_percentage":0,"is_club_price":false,"is_promo_price":false,"measure_unit":"KILO","price":1.89,"price_per_unit":17.18,"strikethrough_price":1.89},"sku_id":"295196","units_in_cart":0,"units_in_stock":43,"url":"/charcuteria-y-quesos/foie-pate-y-sobrasada/p/295196","weight":0},{"brand":"Nuestra Alacena de Dia","display_name":"Pat� de cerdo ib�rico Nuestra Alacena de Dia frasco 125 g","expiration_days":0,"image":"/product_images/57937/57937_ISO_0_ES.jpg","object_id":"57937","prices":{"currency":"EUR","discount_percentage":0,"is_club_price":false,"is_promo_price":false,"measure_unit":"KILO","price":1.09,"price_per_unit":8.72,"strikethrough_price":1.09},"product_info":"Sin gluten | Sin lactosa","sku_id":"57937","units_in_cart":0,"units_in_stock":39,"url":"/charcuteria-y-quesos/foie-pate-y-sobrasada/p/57937","weight":0},{"brand":"Martiko","display_name":"Pat� de pato superior Martiko blister 75 g","expiration_days":0,"image":"/product_images/213550/213550_ISO_0_ES.jpg","object_id":"213550","prices":{"currency":"EUR","discount_percentage":0,"is_club_price":false,"is_promo_price":false,"measure_unit":"KILO","price":1.95,"price_per_unit":26,"strikethrough_price":1.95},"product_info":"Sin gluten","sku_id":"213550","units_in_cart":0,"units_in_stock":13,"url":"/charcuteria-y-quesos/foie-pate-y-sobrasada/p/213550","weight":0},{"brand":"Mina","display_name":"Pat� de h�gado de cerdo Mina lata 3 x 80 g","expiration_days":0,"image":"/product_images/61982/61982_ISO_0_ES.jpg","object_id":"61982","prices":{"currency":"EUR","discount_percentage":0,"is_club_price":false,"is_promo_price":false,"measure_unit":"KILO","price":2.19,"price_per_unit":9.13,"strikethrough_price":2.19},"product_info":"Sin gluten","sku_id":"61982","units_in_cart":0,"units_in_stock":63,"url":"/charcuteria-y-quesos/foie-pate-y-sobrasada/p/61982","weight":0},{"brand":"Nuestra Alacena de Dia","display_name":"Pat� de mejillones en escabeche Nuestra Alacena de Dia frasco 110 g","expiration_days":0,"image":"/product_images/302297/302297_ISO_0_ES.jpg","object_id":"302297","prices":{"currency":"EUR","discount_percentage":0,"is_club_price":false,"is_promo_price":false,"measure_unit":"KILO","price":1.49,"price_per_unit":13.55,"strikethrough_price":1.49},"product_info":"Sin gluten | Sin lactosa","sku_id":"302297","units_in_cart":0,"units_in_stock":49,"url":"/charcuteria-y-quesos/foie-pate-y-sobrasada/p/302297","weight":0},{"brand":"Nuestra Alacena de Dia","display_name":"Pat� de�salm�n Nuestra Alacena de Dia frasco 110 g","expiration_days":0,"image":"/product_images/286535/286535_ISO_0_ES.jpg","object_id":"286535","prices":{"currency":"EUR","discount_percentage":0,"is_club_price":false,"is_promo_price":false,"measure_unit":"KILO","price":1.49,"price_per_unit":13.55,"strikethrough_price":1.49},"sku_id":"286535","units_in_cart":0,"units_in_stock":80,"url":"/charcuteria-y-quesos/foie-pate-y-sobrasada/p/286535","weight":0},{"brand":"La piara","display_name":"Pat� La piara Tapa Negra lata 225 g","expiration_days":0,"image":"/product_images/262/262_ISO_0_ES.jpg","object_id":"262","prices":{"currency":"EUR","discount_percentage":0,"is_club_price":false,"is_promo_price":false,"measure_unit":"KILO","price":3.49,"price_per_unit":15.51,"strikethrough_price":3.49},"sku_id":"262","units_in_cart":0,"units_in_stock":43,"url":"/charcuteria-y-quesos/foie-pate-y-sobrasada/p/262","weight":0},{"brand":"Nuestra Alacena de Dia","display_name":"Pat� de campa�a Nuestra Alacena de Dia frasco 125 g","expiration_days":0,"image":"/product_images/57938/57938_ISO_0_ES.jpg","object_id":"57938","prices":{"currency":"EUR","discount_percentage":0,"is_club_price":false,"is_promo_price":false,"measure_unit":"KILO","price":1.09,"price_per_unit":8.72,"strikethrough_price":1.09},"product_info":"Sin gluten | Sin lactosa","sku_id":"57938","units_in_cart":0,"units_in_stock":43,"url":"/charcuteria-y-quesos/foie-pate-y-sobrasada/p/57938","weight":0},{"brand":"La cuina","display_name":"Pat� de cerdo a la pimienta 2 unidades La cuina blister 100 g","expiration_days":0,"image":"/product_images/295874/295874_ISO_0_ES.jpg","object_id":"295874","prices":{"currency":"EUR","discount_percentage":0,"is_club_price":false,"is_promo_price":false,"measure_unit":"KILO","price":1.29,"price_per_unit":12.9,"strikethrough_price":1.29},"sku_id":"295874","units_in_cart":0,"units_in_stock":29,"url":"/charcuteria-y-quesos/foie-pate-y-sobrasada/p/295874","weight":0},{"brand":"La cuina","display_name":"Pat� de cerdo a las finas hierbas 2 unidades La cuina blister 100 g","expiration_days":0,"image":"/product_images/295873/295873_ISO_0_ES.jpg","object_id":"295873","prices":{"currency":"EUR","discount_percentage":0,"is_club_price":false,"is_promo_price":false,"measure_unit":"KILO","price":1.29,"price_per_unit":12.9,"strikethrough_price":1.29},"sku_id":"295873","units_in_cart":0,"units_in_stock":19,"url":"/charcuteria-y-quesos/foie-pate-y-sobrasada/p/295873","weight":0},{"brand":"Nuestra Alacena de Dia","display_name":"Pat�de anchoa Nuestra Alacena de Dia frasco 110 g","expiration_days":0,"image":"/product_images/286536/286536_ISO_0_ES.jpg","object_id":"286536","prices":{"currency":"EUR","discount_percentage":0,"is_club_price":false,"is_promo_price":false,"measure_unit":"KILO","price":1.49,"price_per_unit":13.55,"strikethrough_price":1.49},"sku_id":"286536","units_in_cart":0,"units_in_stock":78,"url":"/charcuteria-y-quesos/foie-pate-y-sobrasada/p/286536","weight":0},{"brand":"Nuestra Alacena de Dia","display_name":"Pat� de�jam�n Nuestra Alacena de Dia frasco 110 g","expiration_days":0,"image":"/product_images/286531/286531_ISO_0_ES.jpg","object_id":"286531","prices":{"currency":"EUR","discount_percentage":0,"is_club_price":false,"is_promo_price":false,"measure_unit":"KILO","price":1.49,"price_per_unit":13.55,"strikethrough_price":1.49},"sku_id":"286531","units_in_cart":0,"units_in_stock":59,"url":"/charcuteria-y-quesos/foie-pate-y-sobrasada/p/286531","weight":0},{"brand":"Capdevila","display_name":"Bloc de foie de pato Capdevila lata 135 g","expiration_days":0,"image":"/product_images/304782/304782_ISO_0_ES.jpg","object_id":"304782","prices":{"currency":"EUR","discount_percentage":0,"is_club_price":false,"is_promo_price":false,"measure_unit":"KILO","price":5.99,"price_per_unit":44.37,"strikethrough_price":5.99},"product_info":"Sin gluten | Sin lactosa","sku_id":"304782","units_in_cart":0,"units_in_stock":8,"url":"/charcuteria-y-quesos/foie-pate-y-sobrasada/p/304782","weight":0},{"type":"PaginationDivider"}],"productsListKey":0,"total_items":0,"clientNavigationInProgress":false},"header":{"cartData":{"postal_code":"28041","total_amount":0,"total_units":0},"customerData":{},"categoriesData":{"categories":[{"children":[{"id":"L124","link":"/navidad/c/L124","name":"Todo navidad"},{"id":"L2218","link":"/navidad/turrones/c/L2218","name":"Turrones"},{"id":"L2219","link":"/navidad/dulces-navidad/c/L2219","name":"Dulces Navidad"},{"id":"L2221","link":"/navidad/polvorones-y-mantecados/c/L2221","name":"Polvorones y mantecados"},{"id":"L2220","link":"/navidad/roscones-y-panettones/c/L2220","name":"Roscones y Panettones"},{"id":"L2230","link":"/navidad/marisco-y-platos-preparados/c/L2230","name":"Marisco y platos preparados"},{"id":"L2224","link":"/navidad/bodega/c/L2224","name":"Bodega"},{"id":"L2225","link":"/navidad/surtido-navidad/c/L2225","name":"Surtido Navidad"}],"icon":"/category_images/L124/L124_icon.png","id":"L124","link":"/navidad/c/L124","name":"Navidad"},{"children":[{"id":"L101","link":"/charcuteria-y-quesos/c/L101","name":"Todo charcuter�a y quesos"},{"id":"L2001","link":"/charcuteria-y-quesos/jamon-cocido-lacon-fiambres-y-mortadela/c/L2001","name":"Jam�n cocido, lac�n, fiambres y mortadela"},{"id":"L2004","link":"/charcuteria-y-quesos/jamon-curado-y-paleta/c/L2004","name":"Jam�n curado y paleta"},{"id":"L2005","link":"/charcuteria-y-quesos/lomo-chorizo-fuet-salchichon/c/L2005","name":"Lomo, chorizo, fuet, salchich�n"},{"id":"L2007","link":"/charcuteria-y-quesos/queso-curado-semicurado-y-tierno/c/L2007","name":"Queso curado, semicurado y tierno"},{"id":"L2008","link":"/charcuteria-y-quesos/queso-fresco/c/L2008","name":"Queso fresco"},{"id":"L2009","link":"/charcuteria-y-quesos/queso-azul-y-roquefort/c/L2009","name":"Queso azul y roquefort"},{"id":"L2010","link":"/charcuteria-y-quesos/quesos-fundidos-y-cremas/c/L2010","name":"Quesos fundidos y cremas"},{"id":"L2011","link":"/charcuteria-y-quesos/quesos-internacionales/c/L2011","name":"Quesos internacionales"},{"id":"L2206","link":"/charcuteria-y-quesos/salchichas/c/L2206","name":"Salchichas"},{"id":"L2012","link":"/charcuteria-y-quesos/foie-pate-y-sobrasada/c/L2012","name":"Foie, pat� y sobrasada"}],"icon":"/category_images/L101/L101_icon.png","id":"L101","link":"/charcuteria-y-quesos/c/L101","name":"Charcuter�a y quesos"},{"children":[{"id":"L102","link":"/carniceria/c/L102","name":"Todo carnicer�a"},{"id":"L2202","link":"/carniceria/pollo/c/L2202","name":"Pollo"},{"id":"L2013","link":"/carniceria/vacuno/c/L2013","name":"Vacuno"},{"id":"L2014","link":"/carniceria/cerdo/c/L2014","name":"Cerdo"},{"id":"L2015","link":"/carniceria/pavo/c/L2015","name":"Pavo"},{"id":"L2016","link":"/carniceria/conejo/c/L2016","name":"Conejo"},{"id":"L2017","link":"/carniceria/hamburguesas-y-carne-picada/c/L2017","name":"Hamburguesas y carne picada"}],"icon":"/category_images/L102/L102_icon.png","id":"L102","link":"/carniceria/c/L102","name":"Carnicer�a"},{"children":[{"id":"L103","link":"/pescados-mariscos-y-ahumados/c/L103","name":"Todo pescados, mariscos y ahumados"},{"id":"L2019","link":"/pescados-mariscos-y-ahumados/pescados/c/L2019","name":"Pescados"},{"id":"L2194","link":"/pescados-mariscos-y-ahumados/mariscos/c/L2194","name":"Mariscos"},{"id":"L2020","link":"/pescados-mariscos-y-ahumados/ahumados-salazones-y-preparados/c/L2020","name":"Ahumados, salazones y preparados"},{"id":"L2021","link":"/pescados-mariscos-y-ahumados/sucedaneo-de-angulas-y-surimi/c/L2021","name":"Suced�neo de angulas y surimi"}],"icon":"/category_images/L103/L103_icon.png","id":"L103","link":"/pescados-mariscos-y-ahumados/c/L103","name":"Pescados, mariscos y ahumados"},{"children":[{"id":"L104","link":"/verduras/c/L104","name":"Todo verduras"},{"id":"L2022","link":"/verduras/ajos-cebollas-y-puerros/c/L2022","name":"Ajos, cebollas y puerros"},{"id":"L2023","link":"/verduras/tomates-pimientos-y-pepinos/c/L2023","name":"Tomates, pimientos y pepinos"},{"id":"L2181","link":"/verduras/calabacin-calabaza-y-berenjena/c/L2181","name":"Calabac�n, calabaza y berenjena"},{"id":"L2024","link":"/verduras/judias-brocolis-y-coliflores/c/L2024","name":"Jud�as, br�colis y coliflores"},{"id":"L2027","link":"/verduras/lechuga-escarolas-y-endivias/c/L2027","name":"Lechuga, escarolas y endivias"},{"id":"L2028","link":"/verduras/patatas-y-zanahorias/c/L2028","name":"Patatas y zanahorias"},{"id":"L2029","link":"/verduras/setas-y-champinones/c/L2029","name":"Setas y champi�ones"},{"id":"L2030","link":"/verduras/verduras-y-ensaladas-preparadas/c/L2030","name":"Verduras y ensaladas preparadas"},{"id":"L2031","link":"/verduras/otras-verduras/c/L2031","name":"Otras verduras"}],"icon":"/category_images/L104/L104_icon.png","id":"L104","link":"/verduras/c/L104","name":"Verduras"},{"children":[{"id":"L105","link":"/frutas/c/L105","name":"Todo frutas"},{"id":"L2040","link":"/frutas/frutas-de-temporada/c/L2040","name":"Frutas de temporada"},{"id":"L2032","link":"/frutas/manzanas/c/L2032","name":"Manzanas"},{"id":"L2033","link":"/frutas/platanos/c/L2033","name":"Platanos"},{"id":"L2034","link":"/frutas/peras/c/L2034","name":"Peras"},{"id":"L2196","link":"/frutas/naranjas-y-mandarinas/c/L2196","name":"Naranjas y mandarinas"},{"id":"L2035","link":"/frutas/uvas/c/L2035","name":"Uvas"},{"id":"L2037","link":"/frutas/limones-y-pomelos/c/L2037","name":"Limones y pomelos"},{"id":"L2038","link":"/frutas/frutas-del-bosque/c/L2038","name":"Frutas del bosque"},{"id":"L2039","link":"/frutas/frutas-tropicales/c/L2039","name":"Frutas tropicales"},{"id":"L2041","link":"/frutas/frutas-deshidratadas/c/L2041","name":"Frutas deshidratadas"}],"icon":"/category_images/L105/L105_icon.png","id":"L105","link":"/frutas/c/L105","name":"Frutas"},{"children":[{"id":"L108","link":"/leche-huevos-y-mantequilla/c/L108","name":"Todo leche, huevos y mantequilla"},{"id":"L2051","link":"/leche-huevos-y-mantequilla/leche/c/L2051","name":"Leche"},{"id":"L2052","link":"/leche-huevos-y-mantequilla/bebidas-vegetales/c/L2052","name":"Bebidas vegetales"},{"id":"L2053","link":"/leche-huevos-y-mantequilla/batidos-y-horchatas/c/L2053","name":"Batidos y horchatas"},{"id":"L2055","link":"/leche-huevos-y-mantequilla/huevos/c/L2055","name":"Huevos"},{"id":"L2056","link":"/leche-huevos-y-mantequilla/mantequilla-y-margarina/c/L2056","name":"Mantequilla y margarina"},{"id":"L2054","link":"/leche-huevos-y-mantequilla/nata/c/L2054","name":"Nata"}],"icon":"/category_images/L108/L108_icon.png","id":"L108","link":"/leche-huevos-y-mantequilla/c/L108","name":"Leche, huevos y mantequilla"},{"children":[{"id":"L113","link":"/yogures-y-postres/c/L113","name":"Todo yogures y postres"},{"id":"L2082","link":"/yogures-y-postres/griegos-y-mousse/c/L2082","name":"Griegos y mousse"},{"id":"L2079","link":"/yogures-y-postres/yogures-naturales/c/L2079","name":"Yogures naturales"},{"id":"L2081","link":"/yogures-y-postres/yogures-de-sabores-y-frutas/c/L2081","name":"Yogures de sabores y frutas"},{"id":"L2083","link":"/yogures-y-postres/yogures-infantiles/c/L2083","name":"Yogures infantiles"},{"id":"L2080","link":"/yogures-y-postres/yogures-desnatados/c/L2080","name":"Yogures desnatados"},{"id":"L2078","link":"/yogures-y-postres/yogures-bifidus-y-colesterol/c/L2078","name":"Yogures b�fidus y colesterol"},{"id":"L2084","link":"/yogures-y-postres/yogures-de-soja-y-enriquecidos/c/L2084","name":"Yogures de soja y enriquecidos"},{"id":"L2085","link":"/yogures-y-postres/kefir-y-otros-yogures/c/L2085","name":"K�fir y otros yogures"},{"id":"L2229","link":"/yogures-y-postres/postres-y-yogures-de-proteinas/c/L2229","name":"Postres y yogures de prote�nas"},{"id":"L2088","link":"/yogures-y-postres/natillas-y-flan/c/L2088","name":"Natillas y flan"},{"id":"L2087","link":"/yogures-y-postres/arroz-con-leche-y-postre-tradicional/c/L2087","name":"Arroz con leche y postre tradicional"},{"id":"L2086","link":"/yogures-y-postres/cuajada/c/L2086","name":"Cuajada"},{"id":"L2089","link":"/yogures-y-postres/gelatinas-y-otros-postres/c/L2089","name":"Gelatinas y otros postres"}],"icon":"/category_images/L113/L113_icon.png","id":"L113","link":"/yogures-y-postres/c/L113","name":"Yogures y postres"},{"children":[{"id":"L106","link":"/arroz-pastas-y-legumbres/c/L106","name":"Todo arroz, pastas y legumbres"},{"id":"L2042","link":"/arroz-pastas-y-legumbres/arroz/c/L2042","name":"Arroz"},{"id":"L2044","link":"/arroz-pastas-y-legumbres/pastas/c/L2044","name":"Pastas"},{"id":"L2191","link":"/arroz-pastas-y-legumbres/garbanzos/c/L2191","name":"Garbanzos"},{"id":"L2178","link":"/arroz-pastas-y-legumbres/alubias/c/L2178","name":"Alubias"},{"id":"L2193","link":"/arroz-pastas-y-legumbres/lentejas/c/L2193","name":"Lentejas"},{"id":"L2043","link":"/arroz-pastas-y-legumbres/quinoa-y-couscous/c/L2043","name":"Quinoa y couscous"}],"icon":"/category_images/L106/L106_icon.png","id":"L106","link":"/arroz-pastas-y-legumbres/c/L106","name":"Arroz, pastas y legumbres"},{"children":[{"id":"L107","link":"/aceites-salsas-y-especias/c/L107","name":"Todo aceites, salsas y especias"},{"id":"L2046","link":"/aceites-salsas-y-especias/aceites/c/L2046","name":"Aceites"},{"id":"L2047","link":"/aceites-salsas-y-especias/vinagres-y-alinos/c/L2047","name":"Vinagres y ali�os"},{"id":"L2208","link":"/aceites-salsas-y-especias/tomate/c/L2208","name":"Tomate"},{"id":"L2050","link":"/aceites-salsas-y-especias/mayonesa-ketchup-y-otras-salsas/c/L2050","name":"Mayonesa, ketchup y otras salsas"},{"id":"L2048","link":"/aceites-salsas-y-especias/sal-y-especias/c/L2048","name":"Sal y especias"}],"icon":"/category_images/L107/L107_icon.png","id":"L107","link":"/aceites-salsas-y-especias/c/L107","name":"Aceites, salsas y especias"},{"children":[{"id":"L114","link":"/conservas-caldos-y-cremas/c/L114","name":"Todo conservas, caldos y cremas"},{"id":"L2179","link":"/conservas-caldos-y-cremas/atun-bonito-y-caballa/c/L2179","name":"At�n, bonito y caballa"},{"id":"L2180","link":"/conservas-caldos-y-cremas/berberechos/c/L2180","name":"Berberechos"},{"id":"L2195","link":"/conservas-caldos-y-cremas/mejillones/c/L2195","name":"Mejillones"},{"id":"L2207","link":"/conservas-caldos-y-cremas/sardinas-y-sardinillas/c/L2207","name":"Sardinas y sardinillas"},{"id":"L2197","link":"/conservas-caldos-y-cremas/otras-conservas-de-pescado/c/L2197","name":"Otras conservas de pescado"},{"id":"L2092","link":"/conservas-caldos-y-cremas/conservas-vegetales/c/L2092","name":"Conservas vegetales"},{"id":"L2093","link":"/conservas-caldos-y-cremas/sopas-caldos-y-pures-deshidratados/c/L2093","name":"Sopas, caldos y pur�s deshidratados"},{"id":"L2094","link":"/conservas-caldos-y-cremas/cremas-y-caldos-liquidos/c/L2094","name":"Cremas y caldos l�quidos"}],"icon":"/category_images/L114/L114_icon.png","id":"L114","link":"/conservas-caldos-y-cremas/c/L114","name":"Conservas, caldos y cremas"},{"children":[{"id":"L112","link":"/panes-harinas-y-masas/c/L112","name":"Todo panes, harinas y masas"},{"id":"L2070","link":"/panes-harinas-y-masas/pan-recien-horneado/c/L2070","name":"Pan recien horneado"},{"id":"L2069","link":"/panes-harinas-y-masas/pan-de-molde-perritos-y-hamburguesas/c/L2069","name":"Pan de molde, perritos y hamburguesas."},{"id":"L2071","link":"/panes-harinas-y-masas/picos-y-panes-tostados/c/L2071","name":"Picos y panes tostados"},{"id":"L2072","link":"/panes-harinas-y-masas/pan-rallado/c/L2072","name":"Pan rallado"},{"id":"L2075","link":"/panes-harinas-y-masas/harinas-y-levaduras/c/L2075","name":"Harinas y levaduras"},{"id":"L2076","link":"/panes-harinas-y-masas/masas-y-hojaldres/c/L2076","name":"Masas y hojaldres"},{"id":"L2077","link":"/panes-harinas-y-masas/preparados-para-postres/c/L2077","name":"Preparados para postres"}],"icon":"/category_images/L112/L112_icon.png","id":"L112","link":"/panes-harinas-y-masas/c/L112","name":"Panes, harinas y masas"},{"children":[{"id":"L109","link":"/cafe-cacao-e-infusiones/c/L109","name":"Todo caf�, cacao e infusiones"},{"id":"L2057","link":"/cafe-cacao-e-infusiones/cafe/c/L2057","name":"Caf�"},{"id":"L2058","link":"/cafe-cacao-e-infusiones/cacao/c/L2058","name":"Cacao"},{"id":"L2059","link":"/cafe-cacao-e-infusiones/te-e-infusiones/c/L2059","name":"T� e infusiones"}],"icon":"/category_images/L109/L109_icon.png","id":"L109","link":"/cafe-cacao-e-infusiones/c/L109","name":"Caf�, cacao e infusiones"},{"children":[{"id":"L110","link":"/azucar-chocolates-y-caramelos/c/L110","name":"Todo az�car, chocolates y caramelos"},{"id":"L2060","link":"/azucar-chocolates-y-caramelos/azucar-y-edulcorantes/c/L2060","name":"Az�car y edulcorantes"},{"id":"L2061","link":"/azucar-chocolates-y-caramelos/miel/c/L2061","name":"Miel"},{"id":"L2062","link":"/azucar-chocolates-y-caramelos/mermeladas-y-frutas-en-almibar/c/L2062","name":"Mermeladas y frutas en almibar"},{"id":"L2228","link":"/azucar-chocolates-y-caramelos/cremas-de-cacao/c/L2228","name":"Cremas de cacao"},{"id":"L2063","link":"/azucar-chocolates-y-caramelos/chocolates-y-bombones/c/L2063","name":"Chocolates y bombones"},{"id":"L2064","link":"/azucar-chocolates-y-caramelos/caramelos-chicles-y-golosinas/c/L2064","name":"Caramelos, chicles y golosinas"}],"icon":"/category_images/L110/L110_icon.png","id":"L110","link":"/azucar-chocolates-y-caramelos/c/L110","name":"Az�car, chocolates y caramelos"},{"children":[{"id":"L111","link":"/galletas-bollos-y-cereales/c/L111","name":"Todo galletas, bollos y cereales"},{"id":"L2065","link":"/galletas-bollos-y-cereales/galletas/c/L2065","name":"Galletas"},{"id":"L2066","link":"/galletas-bollos-y-cereales/galletas-saladas/c/L2066","name":"Galletas saladas"},{"id":"L2067","link":"/galletas-bollos-y-cereales/bolleria/c/L2067","name":"Boller�a"},{"id":"L2068","link":"/galletas-bollos-y-cereales/cereales/c/L2068","name":"Cereales"},{"id":"L2216","link":"/galletas-bollos-y-cereales/tortitas/c/L2216","name":"Tortitas"}],"icon":"/category_images/L111/L111_icon.png","id":"L111","link":"/galletas-bollos-y-cereales/c/L111","name":"Galletas, bollos y cereales"},{"children":[{"id":"L115","link":"/patatas-fritas-encurtidos-y-frutos-secos/c/L115","name":"Todo patatas fritas, encurtidos y frutos secos"},{"id":"L2098","link":"/patatas-fritas-encurtidos-y-frutos-secos/patatas-fritas-y-aperitivos/c/L2098","name":"Patatas fritas y aperitivos"},{"id":"L2096","link":"/patatas-fritas-encurtidos-y-frutos-secos/aceitunas-y-encurtidos/c/L2096","name":"Aceitunas y encurtidos"},{"id":"L2097","link":"/patatas-fritas-encurtidos-y-frutos-secos/frutos-secos/c/L2097","name":"Frutos secos"}],"icon":"/category_images/L115/L115_icon.png","id":"L115","link":"/patatas-fritas-encurtidos-y-frutos-secos/c/L115","name":"Patatas fritas, encurtidos y frutos secos"},{"children":[{"id":"L116","link":"/pizzas-y-platos-preparados/c/L116","name":"Todo pizzas y platos preparados"},{"id":"L2101","link":"/pizzas-y-platos-preparados/pizzas/c/L2101","name":"Pizzas"},{"id":"L2102","link":"/pizzas-y-platos-preparados/precocinados-envasados/c/L2102","name":"Precocinados envasados"},{"id":"L2103","link":"/pizzas-y-platos-preparados/comida-internacional/c/L2103","name":"Comida internacional"},{"id":"L2105","link":"/pizzas-y-platos-preparados/tortillas-y-empanadas/c/L2105","name":"Tortillas y empanadas"},{"id":"L2106","link":"/pizzas-y-platos-preparados/gazpachos-y-salmorejos/c/L2106","name":"Gazpachos y salmorejos"}],"icon":"/category_images/L116/L116_icon.png","id":"L116","link":"/pizzas-y-platos-preparados/c/L116","name":"Pizzas y platos preparados"},{"children":[{"id":"L119","link":"/congelados/c/L119","name":"Todo congelados"},{"id":"L2130","link":"/congelados/helados-y-hielo/c/L2130","name":"Helados y hielo"},{"id":"L2131","link":"/congelados/pizzas-bases-y-masas/c/L2131","name":"Pizzas, bases y masas"},{"id":"L2132","link":"/congelados/pescado-y-marisco/c/L2132","name":"Pescado y marisco"},{"id":"L2133","link":"/congelados/carne-y-pollo/c/L2133","name":"Carne y pollo"},{"id":"L2210","link":"/congelados/verduras-hortalizas-y-salteados/c/L2210","name":"Verduras, hortalizas y salteados"},{"id":"L2213","link":"/congelados/patatas-fritas/c/L2213","name":"Patatas fritas"},{"id":"L2135","link":"/congelados/croquetas-y-rebozados/c/L2135","name":"Croquetas y rebozados"},{"id":"L2136","link":"/congelados/churros-y-postres/c/L2136","name":"Churros y postres"},{"id":"L2137","link":"/congelados/lasanas-y-pasta/c/L2137","name":"Lasa�as y pasta"}],"icon":"/category_images/L119/L119_icon.png","id":"L119","link":"/congelados/c/L119","name":"Congelados"},{"children":[{"id":"L117","link":"/agua-refrescos-y-zumos/c/L117","name":"Todo agua, refrescos y zumos"},{"id":"L2107","link":"/agua-refrescos-y-zumos/agua/c/L2107","name":"Agua"},{"id":"L2108","link":"/agua-refrescos-y-zumos/cola/c/L2108","name":"Cola"},{"id":"L2212","link":"/agua-refrescos-y-zumos/naranja/c/L2212","name":"Naranja"},{"id":"L2109","link":"/agua-refrescos-y-zumos/limon-lima-limon/c/L2109","name":"Lim�n, lima lim�n"},{"id":"L2111","link":"/agua-refrescos-y-zumos/tes-frios-cafes-frios/c/L2111","name":"T�s fr�os, caf�s frios"},{"id":"L2112","link":"/agua-refrescos-y-zumos/tonicas/c/L2112","name":"T�nicas"},{"id":"L2192","link":"/agua-refrescos-y-zumos/gaseosa/c/L2192","name":"Gaseosa"},{"id":"L2217","link":"/agua-refrescos-y-zumos/bebidas-energeticas/c/L2217","name":"Bebidas energ�ticas"},{"id":"L2114","link":"/agua-refrescos-y-zumos/bebidas-isotonicas/c/L2114","name":"Bebidas isot�nicas"},{"id":"L2113","link":"/agua-refrescos-y-zumos/zumos/c/L2113","name":"Zumos"},{"id":"L2110","link":"/agua-refrescos-y-zumos/otras-bebidas/c/L2110","name":"Otras bebidas"}],"icon":"/category_images/L117/L117_icon.png","id":"L117","link":"/agua-refrescos-y-zumos/c/L117","name":"Agua, refrescos y zumos"},{"children":[{"id":"L118","link":"/cervezas-vinos-y-bebidas-con-alcohol/c/L118","name":"Todo cervezas, vinos y bebidas con alcohol"},{"id":"L2115","link":"/cervezas-vinos-y-bebidas-con-alcohol/cervezas/c/L2115","name":"Cervezas"},{"id":"L2117","link":"/cervezas-vinos-y-bebidas-con-alcohol/cervezas-especiales/c/L2117","name":"Cervezas especiales"},{"id":"L2182","link":"/cervezas-vinos-y-bebidas-con-alcohol/cervezas-con-limon/c/L2182","name":"Cervezas con lim�n"},{"id":"L2118","link":"/cervezas-vinos-y-bebidas-con-alcohol/cervezas-sin-alcohol/c/L2118","name":"Cervezas sin alcohol"},{"id":"L2119","link":"/cervezas-vinos-y-bebidas-con-alcohol/tinto-de-verano-y-sangria/c/L2119","name":"Tinto de verano y sangr�a"},{"id":"L2120","link":"/cervezas-vinos-y-bebidas-con-alcohol/vino-tinto/c/L2120","name":"Vino tinto"},{"id":"L2121","link":"/cervezas-vinos-y-bebidas-con-alcohol/vino-blanco/c/L2121","name":"Vino blanco"},{"id":"L2122","link":"/cervezas-vinos-y-bebidas-con-alcohol/cavas-y-sidra/c/L2122","name":"Cavas y sidra"},{"id":"L2124","link":"/cervezas-vinos-y-bebidas-con-alcohol/vino-rosado/c/L2124","name":"Vino rosado"},{"id":"L2125","link":"/cervezas-vinos-y-bebidas-con-alcohol/ginebra-y-vodka/c/L2125","name":"Ginebra y vodka"},{"id":"L2128","link":"/cervezas-vinos-y-bebidas-con-alcohol/ron-y-whisky/c/L2128","name":"Ron y whisky"},{"id":"L2127","link":"/cervezas-vinos-y-bebidas-con-alcohol/vermouth/c/L2127","name":"Vermouth"},{"id":"L2129","link":"/cervezas-vinos-y-bebidas-con-alcohol/cremas-y-licores/c/L2129","name":"Cremas y licores"},{"id":"L2126","link":"/cervezas-vinos-y-bebidas-con-alcohol/brandy/c/L2126","name":"Brandy"}],"icon":"/category_images/L118/L118_icon.png","id":"L118","link":"/cervezas-vinos-y-bebidas-con-alcohol/c/L118","name":"Cervezas, vinos y bebidas con alcohol"},{"children":[{"id":"L122","link":"/limpieza-y-hogar/c/L122","name":"Todo limpieza y hogar"},{"id":"L2170","link":"/limpieza-y-hogar/cuidado-de-la-ropa/c/L2170","name":"Cuidado de la ropa"},{"id":"L2167","link":"/limpieza-y-hogar/lavavajillas/c/L2167","name":"Lavavajillas"},{"id":"L2168","link":"/limpieza-y-hogar/papel-higienico-de-cocina-servilletas/c/L2168","name":"Papel higi�nico, de cocina, servilletas"},{"id":"L2159","link":"/limpieza-y-hogar/utensilios-de-limpieza/c/L2159","name":"Utensilios de limpieza"},{"id":"L2160","link":"/limpieza-y-hogar/bolsas-de-basura/c/L2160","name":"Bolsas de basura"},{"id":"L2161","link":"/limpieza-y-hogar/lejia-y-otros-quimicos/c/L2161","name":"Lej�a y otros qu�micos"},{"id":"L2162","link":"/limpieza-y-hogar/cristales-y-suelos/c/L2162","name":"Cristales y suelos"},{"id":"L2163","link":"/limpieza-y-hogar/limpia-muebles-y-multiusos/c/L2163","name":"Limpia muebles y multiusos"},{"id":"L2164","link":"/limpieza-y-hogar/limpieza-bano-y-wc/c/L2164","name":"Limpieza ba�o y WC"},{"id":"L2166","link":"/limpieza-y-hogar/limpieza-cocina-y-vitroceramica/c/L2166","name":"Limpieza cocina y vitrocer�mica"},{"id":"L2169","link":"/limpieza-y-hogar/papel-de-aluminio-horno-y-film/c/L2169","name":"Papel de aluminio, horno y film"},{"id":"L2173","link":"/limpieza-y-hogar/insecticidas/c/L2173","name":"Insecticidas"},{"id":"L2226","link":"/limpieza-y-hogar/ambientadores/c/L2226","name":"Ambientadores"},{"id":"L2171","link":"/limpieza-y-hogar/calzado/c/L2171","name":"Calzado"},{"id":"L2209","link":"/limpieza-y-hogar/utiles-del-hogar-pilas-bombillas/c/L2209","name":"�tiles del hogar, pilas, bombillas"}],"icon":"/category_images/L122/L122_icon.png","id":"L122","link":"/limpieza-y-hogar/c/L122","name":"Limpieza y hogar"},{"children":[{"id":"L121","link":"/perfumeria-higiene-salud/c/L121","name":"Todo perfumer�a, higiene, salud"},{"id":"L2153","link":"/perfumeria-higiene-salud/hidratacion-corporal/c/L2153","name":"Hidrataci�n corporal"},{"id":"L2211","link":"/perfumeria-higiene-salud/gel-de-ducha-y-esponjas/c/L2211","name":"Gel de ducha y esponjas"},{"id":"L2151","link":"/perfumeria-higiene-salud/cuidado-bucal/c/L2151","name":"Cuidado bucal"},{"id":"L2154","link":"/perfumeria-higiene-salud/desodorantes/c/L2154","name":"Desodorantes"},{"id":"L2144","link":"/perfumeria-higiene-salud/champu/c/L2144","name":"Champ�"},{"id":"L2145","link":"/perfumeria-higiene-salud/acondicionadores-y-mascarillas/c/L2145","name":"Acondicionadores y mascarillas"},{"id":"L2146","link":"/perfumeria-higiene-salud/espumas-y-fijadores/c/L2146","name":"Espumas y fijadores"},{"id":"L2147","link":"/perfumeria-higiene-salud/tintes/c/L2147","name":"Tintes"},{"id":"L2148","link":"/perfumeria-higiene-salud/limpieza-facial-crema-facial/c/L2148","name":"Limpieza facial, crema facial"},{"id":"L2186","link":"/perfumeria-higiene-salud/quitaesmalte/c/L2186","name":"Quitaesmalte"},{"id":"L2150","link":"/perfumeria-higiene-salud/afeitado/c/L2150","name":"Afeitado"},{"id":"L2188","link":"/perfumeria-higiene-salud/depilacion/c/L2188","name":"Depilaci�n"},{"id":"L2155","link":"/perfumeria-higiene-salud/colonias/c/L2155","name":"Colonias"},{"id":"L2156","link":"/perfumeria-higiene-salud/jabon-de-manos/c/L2156","name":"Jab�n de manos"},{"id":"L2227","link":"/perfumeria-higiene-salud/cremas-solares/c/L2227","name":"Cremas solares"},{"id":"L2158","link":"/perfumeria-higiene-salud/compresas-y-cuidado-intimo/c/L2158","name":"Compresas y cuidado �ntimo"},{"id":"L2183","link":"/perfumeria-higiene-salud/complementos-nutricionales/c/L2183","name":"Complementos nutricionales"},{"id":"L2184","link":"/perfumeria-higiene-salud/parafarmacia/c/L2184","name":"Parafarmacia"}],"icon":"/category_images/L121/L121_icon.png","id":"L121","link":"/perfumeria-higiene-salud/c/L121","name":"Perfumer�a, higiene, salud"},{"children":[{"id":"L120","link":"/bebe/c/L120","name":"Todo beb�"},{"id":"L2138","link":"/bebe/papilla/c/L2138","name":"Papilla"},{"id":"L2139","link":"/bebe/leche-infantil/c/L2139","name":"Leche infantil"},{"id":"L2141","link":"/bebe/potitos-y-tarritos/c/L2141","name":"Potitos y tarritos"},{"id":"L2140","link":"/bebe/yogures-bolsitas-de-frutas-y-snacks/c/L2140","name":"Yogures, bolsitas de frutas y snacks"},{"id":"L2142","link":"/bebe/panales-y-toallitas/c/L2142","name":"Pa�ales y toallitas"},{"id":"L2143","link":"/bebe/cuidado-del-bebe/c/L2143","name":"Cuidado del beb�"}],"icon":"/category_images/L120/L120_icon.png","id":"L120","link":"/bebe/c/L120","name":"Beb�"},{"children":[{"id":"L123","link":"/mascotas/c/L123","name":"Todo mascotas"},{"id":"L2174","link":"/mascotas/perros/c/L2174","name":"Perros"},{"id":"L2175","link":"/mascotas/gatos/c/L2175","name":"Gatos"},{"id":"L2176","link":"/mascotas/otros-animales/c/L2176","name":"Otros animales"}],"icon":"/category_images/L123/L123_icon.png","id":"L123","link":"/mascotas/c/L123","name":"Mascotas"}],"selected_id":"L2012"},"cartPopUpStatus":false,"showPostalCodeModal":false,"loginStatus":"ANONYMOUS","userAddresses":[],"isValidAddAddress":true,"clientNavigationInProgress":false,"firstSearchCallResolved":false,"searchDataCallResolved":false,"searchDataKey":0,"lastCallIsPaginationCall":false,"searchData":{"total_items":0,"search_items":[],"sort":{},"pagination":{},"search_query_id":"d83e32fca705ed7f57c53e9f99cd699c","facets":[],"applied_filters":[]},"showSearchLayer":false,"searchTerm":"","suggestionTerm":"","searchSortParam":"","searchFilterParams":"","searchFilterDiaParam":"","footer":{"customer_support":[{"id":"cs_1","link":"/l/atencion-al-cliente","text":"Atenci�n al cliente","title":"Atenci�n al cliente"}],"information":[{"icon":"truck","id":"inf_1","text":"Entrega r�pida y en la franja horaria que mejor te venga.","title":"Pide hoy, recibe hoy"},{"icon":"euro","id":"inf_2","text":"Env�o est�ndar por 4,99�. Gratis con +100�. Env�o express por 4,99�.","title":"Env�o desde 4,99�"},{"icon":"Map-pin","id":"inf_3","link":"https://www.dia.es/tiendas/buscador-tiendas-folletos","text":"Localiza tu tienda y descubre las mejores ofertas.","title":"Encuentra tu tienda"},{"icon":"brochure","id":"inf_4","link":"https://www.dia.es/folleto","text":"Descubre las mejores Ofertas.","title":"Folletos"},{"icon":"credit-card","id":"inf_5","link":"/l/tarjeta-club-dia","text":"Solicita tu tarjeta y disfruta las ventajas del club.","title":"Tarjeta CLUB Dia"},{"icon":"bill","id":"inf_6","link":"/l/facturas_3P","text":"Solicita tu factura de Glovo, Uber Eats o Just Eat","title":"Glovo, Uber Eats y Just Eat"}],"legal":[{"id":"legal_1","sct_content_id":3,"text":"Pol�tica de privacidad","title":"Pol�tica de privacidad"},{"id":"legal_2","link":"/l/politica-cookies","text":"Pol�tica de cookies","title":"Pol�tica de cookies"},{"id":"legal_3","link":"/l/aviso-legal","text":"Aviso legal","title":"Aviso legal"},{"id":"legal_4","sct_content_id":4,"text":"Condiciones de compra","title":"Condiciones de compra"}],"social_media":[{"icon":"twitter","id":"sm_1","link":"https://twitter.com/dia_group?lang=es","text":"Twitter","title":"Twitter"},{"icon":"facebook","id":"sm_2","link":"https://www.facebook.com/DIAEspana?lang=es","text":"Facebook","title":"Facebook"},{"icon":"instagram","id":"sm_3","link":"https://instagram.com/dia_esp?lang=es","text":"Instagram","title":"Instagram"},{"icon":"tik-tok","id":"sm_4","link":"https://www.tiktok.com/@dia_espana?lang=es","text":"Tik Tok","title":"Tik Tok"},{"icon":"youtube","id":"sm_5","link":"https://www.youtube.com/user/DIAespana","text":"Youtube","title":"Youtube"}],"validate_date":"� 2013 - 2023","webs":[{"id":"web_1","link":"http://blog.dia.es/","text":"Recetas","title":"Recetas"},{"id":"web_2","link":"/l/comer-mejor-cada-dia","text":"Comer mejor cada Dia","title":"Comer mejor cada Dia"},{"id":"web_3","link":"https://www.dia.es/tiendas/empleo","text":"Empleo","title":"Empleo"},{"id":"web_4","link":"/contacto-proveedores","text":"Colabora con DIA","title":"Colabora con DIA"},{"id":"web_5","link":"https://franquicia.dia.es/","text":"Abre tu tienda","title":"Abre tu tienda"},{"id":"web_6","link":"https://diacorporate.com/","text":"DIA corporate","title":"DIA corporate"}]},"legalConditions":[{"legalConditionTexts":[{"legalText":""}]}]},"cart":{"cartButtonInteractions":0},"localStorage":{},"sessionStorage":{},"reevaluate":{"itemListReevaluate":{},"newPostalCode":"","newAddressId":"","newAddress":null,"skipNormalization":false,"mergedWithPostalCode":false,"skipDryRun":null,"cancellable":false,"reevaluateType":"cart_changed","haveChangesBeenPersisted":false,"disableWindowReloadOnConfirm":false},"analytics":{"initializedAnalytics":false,"initialAnalyticsReceived":false,"analyticsCallCompleted":false,"useInitializeAnalytics":true,"initialDatalayer":{},"pageFields":{},"pageProductsAnalytics":{},"auxPageProductsAnalytics":{},"carouselProductsAnalytics":{},"auxCarouselProductsAnalytics":{},"adsProductsAnalytics":{},"searchProductsAnalytics":{},"auxSearchProductsAnalytics":{},"menuAnalytics":{},"footerAnalytics":{},"corporateContents":{},"auxCorporateContentsAnalytics":{},"filtersAnalytics":{},"auxFiltersAnalytics":{},"productAnalytics":null,"scrolledPercentage":0,"initialDatalayerAdded":false,"listLocation":""},"adPlacements":{"ad_placements":{"monetized":[],"corporate":{"id":"","sections":[]}},"monetizedPageUid":"","targeting":{},"insightCallComplete":false,"horizontalBannerIndex":{"key":0,"newIndex":-1,"oldIndex":-1}},"address":{"deydeToken":{},"provinces":[],"deydeViaCp":[]},"pagination":{"pagination":{"page_number":1,"page_size":20,"total_pages":3},"firstPageFetched":false,"lastPrevPageFetched":1,"lastNextPageFetched":1,"lastPageFetched":1,"paginationInProcess":false,"currentPage":1},"sortAndFilters":{"facetsAndFilters":[{"field":"bio","field_name":"BIO","filters":[{"count":1,"enabled":true,"id":"bio:SI:es","title":"SI","url":"/charcuteria-y-quesos/foie-pate-y-sobrasada/bio/c/13svF15y8"}],"selected_count":0},{"field":"brand_description","field_name":"Marca","filters":[{"count":1,"enabled":true,"id":"brand_description:Aoste:es","title":"Aoste","url":"/charcuteria-y-quesos/foie-pate-y-sobrasada/aoste/c/13svF19ou"},{"count":1,"enabled":true,"id":"brand_description:Capdevila:es","title":"Capdevila","url":"/charcuteria-y-quesos/foie-pate-y-sobrasada/capdevila/c/13svF106g"},{"count":4,"enabled":true,"id":"brand_description:Carlota Organic:es","title":"Carlota Organic","url":"/charcuteria-y-quesos/foie-pate-y-sobrasada/carlota-organic/c/13svF1phq"},{"count":3,"enabled":true,"id":"brand_description:Gourmet Cazorla:es","title":"Gourmet Cazorla","url":"/charcuteria-y-quesos/foie-pate-y-sobrasada/gourmet-cazorla/c/13svF1qei"},{"count":1,"enabled":true,"id":"brand_description:Iberitos:es","title":"Iberitos","url":"/charcuteria-y-quesos/foie-pate-y-sobrasada/iberitos/c/13svF1bu3"},{"count":2,"enabled":true,"id":"brand_description:La cuina:es","title":"La cuina","url":"/charcuteria-y-quesos/foie-pate-y-sobrasada/la-cuina/c/13svF1c3b"},{"count":9,"enabled":true,"id":"brand_description:La piara:es","title":"La piara","url":"/charcuteria-y-quesos/foie-pate-y-sobrasada/la-piara/c/13svF1bil"},{"count":2,"enabled":true,"id":"brand_description:Martiko:es","title":"Martiko","url":"/charcuteria-y-quesos/foie-pate-y-sobrasada/martiko/c/13svF1bne"},{"count":1,"enabled":true,"id":"brand_description:Mina:es","title":"Mina","url":"/charcuteria-y-quesos/foie-pate-y-sobrasada/mina/c/13svF1but"},{"count":21,"enabled":true,"id":"brand_description:Nuestra Alacena de Dia:es","title":"Nuestra Alacena de Dia","url":"/charcuteria-y-quesos/foie-pate-y-sobrasada/nuestra-alacena-de-dia/c/13svF1uxu"},{"count":1,"enabled":true,"id":"brand_description:Sivore:es","title":"Sivore","url":"/charcuteria-y-quesos/foie-pate-y-sobrasada/sivore/c/13svF1c4j"},{"count":3,"enabled":true,"id":"brand_description:Vegecampo de Dia:es","title":"Vegecampo de Dia","url":"/charcuteria-y-quesos/foie-pate-y-sobrasada/vegecampo-de-dia/c/13svF1ux5"},{"count":2,"enabled":true,"id":"brand_description:Vegedia:es","title":"Vegedia","url":"/charcuteria-y-quesos/foie-pate-y-sobrasada/vegedia/c/13svF19q3"}],"selected_count":0},{"field":"dia_brand","filters":[{"count":26,"enabled":true,"id":"dia_brand:true:es","title":"true","url":"/charcuteria-y-quesos/foie-pate-y-sobrasada/dia/c/13svF15vz"}],"selected_count":0},{"field":"gluten_free","field_name":"Sin gluten","filters":[{"count":24,"enabled":true,"id":"gluten_free:SI:es","title":"SI","url":"/charcuteria-y-quesos/foie-pate-y-sobrasada/sin-gluten/c/13svF18vq"}],"selected_count":0},{"field":"l1_category_description","filters":[{"count":51,"enabled":true,"id":"l1_category_description:Charcuter�a y quesos:es","title":"Charcuter�a y quesos"}],"selected_count":0},{"field":"l2_category_description","filters":[{"count":51,"enabled":true,"id":"l2_category_description:Foie, pat� y sobrasada:es","title":"Foie, pat� y sobrasada"}],"selected_count":0},{"field":"lactose_free","field_name":"Sin lactosa","filters":[{"count":15,"enabled":true,"id":"lactose_free:SI:es","title":"SI","url":"/charcuteria-y-quesos/foie-pate-y-sobrasada/sin-lactosa/c/13svF18vs"}],"selected_count":0},{"field":"nuts_free","field_name":"Sin frutos secos","filters":[{"count":18,"enabled":true,"id":"nuts_free:SI:es","title":"SI","url":"/charcuteria-y-quesos/foie-pate-y-sobrasada/sin-frutos-secos/c/13svF18vz"}],"selected_count":0}],"appliedFilters":[],"currentCategoryUrl":"/charcuteria-y-quesos/foie-pate-y-sobrasada/c/L2012","diaBrandUri":"!undefined","sort":"rating,desc"},"lists":{"showCreateAndUpdateListModal":false,"renderListModalComponent":false,"customerLists":[],"maxLists":false},"apiEnvironmentVariables":{"domain":"www.dia.es","listsEnabled":"true","l1Enabled":"true","mobileInitialItems":4,"desktopInitialItems":10,"banners":{"useNewMonetizedSlots":"true","useNewMonetizedSlotsForPlp":"true","google":{"googleBannerEnabled":"false","googleClientId":"22786896130","googleBannerEnv":"dia-prod","googleBannerPosition":"banner_integrado_card","googleRetriesNumber":15},"server2server":{"server2ServerBannersEnabled":true}},"analytics":{"enabled":"true","id":"GTM-N9J2VZR","useNewSearchAnalytics":"true","disableEvents":"","enableCriteoEvents":"true"},"maxFiltersToApply":"5","cookies":{"productionCookie":"true","cookieEnabled":"true","oneTrustAutoBlockEnabled":"false","cookieScriptId":"5a716931-44b0-415f-9bf7-3a94d961c123"},"search":{"minCharsToSearch":2,"debounceMilliseconds":"500","searchMaxFiltersToApply":30},"surveyButton":{"enableSurveyButton":false,"surveyIdentifier":"simon/SGnB9M","esDataMessage":"","enDataMessage":"","caDataMessage":"","ptDataMessage":""}},"canonical":"https://www.dia.es/charcuteria-y-quesos/foie-pate-y-sobrasada/c/L2012"},"endpoints":{"plp":{"client":"https://www.dia.es/api/v1/plp-back","server":"http://plp-back-api-service-v1.plp.svc.cluster.local:8080"},"cart":{"client":"https://www.dia.es/api/v1/cart","server":"http://cart-api-service-v1.checkout.svc.cluster.local:8080"},"commonAggregator":{"client":"https://www.dia.es/api/v1/common-aggregator","server":"http://common-aggregator-api-service-v1.commonweb.svc.cluster.local:8080"},"search":{"client":"https://www.dia.es/api/v1/search-back","server":"http://search-back-api-service-v1.commonweb.svc.cluster.local:8080"},"insightSearch":{"client":"https://www.dia.es/api/v1/search-insight","server":"http://search-insight-api-service-v1.search.svc.cluster.local:8080"},"insight":{"client":"https://www.dia.es/api/v1/plp-insight","server":"http://plp-insight-api-service-v1.plp.svc.cluster.local:8080"},"sct":{"client":"https://api-customers.dia.es/legal-condition-v1/legal-conditions","server":"https://api-customers.dia.es/legal-condition-v1/legal-conditions"},"deyde":{"client":"https://ws2.deyde.com","server":"https://ws2.deyde.com"},"list":{"client":"https://www.dia.es/api/v1/list-back","server":"http://list-back-api-service-v1.list.svc.cluster.local:8080"},"cartInsight":{"client":"https://www.dia.es/api/v1/cart-insight","server":"http://cart-insight-api-service-v1.checkout.svc.cluster.local:8080"}},"envVariables":{"logLevel":"INFO","projectId":"dia-es-ecom-pro","apiEnvironmentVariables":{"domain":"www.dia.es","listsEnabled":"true","l1Enabled":"true","mobileInitialItems":4,"desktopInitialItems":10,"banners":{"useNewMonetizedSlots":"true","useNewMonetizedSlotsForPlp":"true","google":{"googleBannerEnabled":"false","googleClientId":"22786896130","googleBannerEnv":"dia-prod","googleBannerPosition":"banner_integrado_card","googleRetriesNumber":15},"server2server":{"server2ServerBannersEnabled":true}},"analytics":{"enabled":"true","id":"GTM-N9J2VZR","useNewSearchAnalytics":"true","disableEvents":"","enableCriteoEvents":"true"},"maxFiltersToApply":"5","cookies":{"productionCookie":"true","cookieEnabled":"true","oneTrustAutoBlockEnabled":"false","cookieScriptId":"5a716931-44b0-415f-9bf7-3a94d961c123"},"search":{"minCharsToSearch":2,"debounceMilliseconds":"500","searchMaxFiltersToApply":30},"surveyButton":{"enableSurveyButton":false,"surveyIdentifier":"simon/SGnB9M","esDataMessage":"","enDataMessage":"","caDataMessage":"","ptDataMessage":""}},"baseUrl":"https://www.dia.es"},"finalHeaders":{"Accept":"application/json, text/plain, */*","Content-Type":"!undefined","cart_id":"6509140a-6dd9-4723-bfc3-81164a8af223","session_id":"13ddd91c-5ed6-4508-8f54-da8b8cd09103","customer_id":"","x-locale":"es","x-mobile":""},"serverUrlQueryParam":{"filters":"categories:L2012:es","locale":"es","navigation":"L2012","page":"1","seo":""},"abortReason":"!undefined","_urlRewrite":null,"_urlRedirect":"!undefined","abortStatusCode":"!undefined","_abortCall":"!undefined","_pageContextInitHasClientData":true,"_pageId":"/src/pages/l2/index"}</script>
</body>
</html>